3044 4756
667 232 863 292 ..6-

180 411 336 494 Kruegeri
372 418 479 474 curaln
518 413 654 473 summis
691 410 838 472 laudibus
874 411 975 472 etierri
988 413 1010 488 ¹)
1043 410 1195 473 ridemus.
1253 412 1352 492 Atqui

179 519 364 602 Kruegerus
395 519 481 581 haud
514 518 632 601 dignus
665 525 725 593 est,
763 519 818 601 qui
853 517 892 580 ob
925 523 1104 581 accuratam
1138 517 1252 580 edendi
1285 517 1354 579 dili-

178 627 318 710 gentiam
343 644 534 709 magnopere
557 625 762 708 praedicetur.
800 625 882 689 Nam
906 632 1125 708 praeterquam
1147 624 1233 707 quod
1255 623 1354 687 Muel-

179 733 255 814 lero,
280 735 336 816 qui
356 732 495 796 codicem
515 731 767 796 laurentianum
787 731 812 794 F
830 733 1025 796 incuriosius
1045 737 1240 812 excusserat,
1258 738 1354 795 teme·

181 841 296 903 nariam
324 839 419 902 fidem
444 839 563 903 habens
585 839 759 923 Apologiae
783 841 955 903 orationem
981 860 1044 902 non
1069 860 1139 902 raro
1164 840 1354 922 depravavit,

179 948 247 1031 ipse
276 949 370 1010 etiam
397 947 595 1030 neglegentia
624 966 683 1010 sua
711 948 744 1008 in
773 947 910 1013 editione
938 954 969 1011 et
996 947 1169 1030 Apologiae
1197 954 1229 1009 et
1256 945 1354 1008 Flori-

180 1054 293 1117 dorum
339 1053 497 1137 permulta
538 1055 687 1136 peccavit.
757 1055 1032 1118 Commentatione
1073 1055 1158 1117 euim
1199 1053 1354 1117 Leouardi

180 1162 341 1246 Spengelii
375 1163 414 1225 de
446 1162 525 1226 locis
559 1161 702 1241 Graecis,
736 1164 791 1246 qui
819 1164 852 1224 in
881 1162 1020 1246 Appulei
1049 1162 1174 1245 scriptis
1201 1162 1355 1240 insunt2),

180 1269 219 1331 ad
252 1268 414 1352 exemplar
448 1268 637 1332 Monacense
676 1270 824 1334 editionis
858 1270 1046 1334 Vioeuti'nae
1079 1270 1154 1332 anni
1190 1270 1274 1331 1488
1307 1273 1355 1330 iu·

182 1375 382 1458 spiciendum
416 1376 574 1439 adductus
605 1375 797 1440 lectionibus
827 1376 898 1440 libri
929 1376 1027 1439 huius
1055 1377 1190 1459 margini
1219 1375 1355 1438 aPetro

180 1481 325 1545 Victorio
349 1483 494 1566 aspersis,
519 1484 574 1565 qui
599 1503 665 1546 eam
692 1503 732 1546 ex
756 1485 937 1547 testimonio
962 1485 1063 1566 ipsius
1088 1502 1161 1546 cum
1186 1482 1356 1562 carerarplori

180 1587 293 1654 litteris
322 1589 567 1671 Loupoborda'cis
596 1591 713 1670 scripto
746 1613 761 1654 c
788 1589 867 1654 Divi
894 1591 1005 1654 Marci
1033 1589 1222 1653 Florentino
1251 1588 1355 1652 bibl-io

180 1697 266 1760 theco
311 1697 502 1778 contulerat,
545 1699 716 1778 imaginem
762 1699 881 1761 codicis
925 1696 1129 1760 laurentiani
1169 1698 1241 1777 os?
1277 1698 1355 1760 satis

181 1812 360 1869 accuratam
384 1806 613 1888 repraesentari
633 1805 790 1884 censebat,
814 1824 1008 1889 quamquam
1029 1824 1094 1867 nou
1115 1804 1253 1885 deerant,
1272 1823 1354 1887 quae

181 1912 409 1976 dubitationem
434 1918 466 1976 et
489 1913 598 1976 atierre
622 1912 772 1976 deberent
791 1922 822 1976 et
841 1913 995 1976 alienent
1043 1911 1126 1974 Nam
1146 1917 1178 1974 et
1197 1911 1354 1992 lacunam,

182 2039 264 2102 quae
293 2026 341 2083 est
370 2022 402 2083 in
428 2019 723 2103 Metamorphoseou
752 2018 833 2082 libro
858 2024 983 2100 octavo,
1011 2040 1030 2081 a
1053 2019 1195 2082 Victoria
1220 2038 1283 2081 uon
1307 2020 1356 2080 in·

182 2128 315 2190 dicatam
348 2148 417 2191 esse
451 2127 530 2190 vidit
560 2134 591 2190 et
623 2127 774 2190 lectiones
805 2126 947 2190 eiusdem
983 2127 1101 2190 codicis
1134 2147 1152 2188 a
1181 2124 1283 2188 Keilio
1317 2126 1355 2187 ad

182 2235 352 2298 editionem
378 2235 520 2316 Psyches
543 2234 668 2298 fabulae
692 2235 935 2318 comparandam
955 2233 1072 2297 Jahnio
1095 2235 1266 2316 permissas
1290 2253 1354 2295 uon

182 2343 280 2406 semel
319 2343 497 2426 discrepare
530 2363 604 2405 oum
637 2341 743 2406 verbis
776 2363 793 2404 a
826 2343 966 2405 Victorio
998 2341 1154 2404 restitutis
1186 2341 1355 2424 perspexit.

183 2450 254 2522 Quo
284 2451 409 2533 cognito
439 2469 514 2513 cum
539 2451 714 2533 Apologiae
737 2450 849 2513 editori
873 2468 937 2512 non
962 2447 1204 2512 subsistendum
1229 2467 1300 2510 esse
1322 2449 1355 2510 in

183 2557 317 2619 Victorii
341 2557 500 2620 adnotatis
522 2557 734 2641 intellegeret,
756 2556 943 2638 Kruegerus
967 2575 1080 2618 novam
1105 2555 1222 2618 codicis
1250 2554 1271 2616 F
1294 2555 1356 2617 col-

185 2662 331 2726 lationem
375 2671 488 2726 nactus
531 2664 760 2728 dissensionem
803 2665 887 2727 inter
926 2662 1077 2726 lectiones
1111 2662 1230 2725 codicis
1268 2661 1293 2724 F
1327 2669 1357 2725 et

183 2769 315 2832 Victorii
351 2777 469 2834 tautam
498 2773 734 2852 animadvertit,
769 2777 804 2834 ut
834 2772 1014 2854 opinionem
1050 2777 1143 2833 antea
1173 2776 1356 2852 conceptam

184 2877 404 2940 dimittendam
441 2898 512 2942 esse
550 2878 610 2941 sibi
648 2879 864 2962 persuaderem
903 2885 935 2942 et
972 2879 1123 2961 quoniam
1156 2876 1252 2940 Keilii
1286 2897 1357 2940 sen-

184 2985 314 3063 tentiae,
342 3004 382 3047 ex
413 3006 477 3068 qua
501 2986 664 3050 Victorius
693 2988 834 3050 codicem
860 2986 1077 3049 Florentinum
1102 2987 1170 3048 sive
1194 2984 1219 3046 ll
1243 2985 1356 3060 sirco

184 3093 334 3174 contulit,
372 3095 415 3156 ita
450 3101 570 3173 tamen,
610 3099 646 3156 ut
679 3095 711 3156 in
750 3094 909 3157 auxilium
945 3100 1078 3169 vocaret.
1106 3092 1223 3155 librum
1260 3112 1357 3155 mauu

184 3201 338 3282 scriptum
362 3199 477 3282 peioris
501 3207 595 3264 uotae
603 3202 638 3281 ³),
661 3208 789 3285 propter
810 3200 907 3264 fidem
927 3200 1057 3263 Victorii
1078 3199 1226 3263 accedere
1245 3200 1357 3280 noluit,

184 3306 347 3389 exemplar
374 3306 475 3370 codici
500 3307 524 3370 F
548 3309 746 3371 simillimum
777 3309 894 3371 nostris
923 3306 1118 3390 temporibus
1141 3313 1196 3369 aut
1220 3307 1356 3370 tenebris

185 3412 336 3476 obrutum
370 3421 425 3477 aut
454 3417 585 3478 omnino
615 3414 813 3498 deperditum
839 3437 858 3478 a
880 3415 1021 3478 Victorio
1045 3420 1263 3497 comparatum
1288 3433 1357 3477 esse

185 3522 299 3584 statuit
322 3520 538 3605 lectionesque
566 3523 653 3585 illius
683 3523 888 3605 marginaleS,
912 3528 948 3585 ut
971 3541 1053 3604 quae
1078 3541 1095 3585 e
1118 3542 1216 3584 manu
1242 3522 1357 3604 scripto

277 3663 301 3719 li
321 3662 360 3716 cf.
385 3679 453 3730 quae
481 3664 619 3717 disserunt
641 3663 753 3718 Stollius
780 3663 807 3715 in
832 3663 911 3716 Neue
934 3661 1108 3715 errrlniclrer
1133 3664 1183 3727 sita·
1207 3663 1359 3731 Philolopie

185 3769 208 3805 a.
225 3749 306 3815 1856,
330 3751 594 3821 1›.155;Sauppius
618 3754 647 3806 iu
669 3753 859 3821 Gortiapiscae
880 3751 999 3821 poledae
1022 3751 1163 3820 Aue-cipere
1181 3770 1205 3806 a.
1227 3752 1308 3821 1865,
1333 3771 1357 3821 p.

187 3842 256 3894 1545
275 3843 302 3893 et
321 3840 403 3908 19983
423 3842 453 3896 G.
469 3842 652 3896 Beckerusin
667 3842 828 3907 Zeitsclniti
839 3843 889 3908 fiir
903 3841 954 3894 dae
971 3842 1227 3910 Gyanransialrreccu
1241 3859 1264 3896 a.
1282 3842 1358 3908 rado,

186 3947 211 3997 p.
235 3931 301 3996 4743
330 3930 380 3982 Vir
403 3933 498 3985 doctus
526 3932 552 3983 in
581 3931 775 4000 Heidelberper
804 3931 978 3985 Jaaroacoa·
1006 3948 1028 3985 a
1055 3929 1123 3985 1865
1143 3947 1168 3999 p.
1190 3933 1253 3997 1473
1278 3931 1359 3985 Gold-

186 4019 318 4073 baoherus
337 4021 363 4072 in
383 4022 544 4087 Zeitachrr't't
561 4023 612 4086 fair
626 4021 670 4074 die
683 4021 925 4074 osterreiclu'seheu
942 4020 1115 4089 Gymrrasien·
1128 4037 1151 4074 a.
1170 4019 1250 4087 1867,
1270 4039 1295 4089 p.
1311 4023 1358 4076 35:

186 4109 387 4163 H.·lluellerus
406 4110 431 4162 in
452 4111 632 4164 ereiuisclrca
653 4109 781 4163 Muscam
800 4109 922 4170 6.·1868,
941 4126 966 4178 p.
986 4112 1046 4164 415.

277 4200 303 4257 21
322 4200 354 4252 In
374 4200 554 4253 Rder'aa'sclrea
573 4200 703 4253 Maloeam
722 4217 745 4253 a.
767 4199 842 4265 1861,Ι
862 4217 887 4268 p.
907 4199 949 4252 27.

277 4290 304 4358 3)
324 4289 362 4344 Cf.
383 4289 458 4358 Apol.
478 4290 559 4358 praef.
579 4307 604 4358 p.
624 4307 642 4342 x
661 4293 710 4343 etc.
