3044 4756
653 282 693 290 ..
735 234 781 320 41
830 273 872 291 ,1

172 422 323 485 sentiunt.
366 423 550 505 Appuleius
572 424 605 485 in
631 424 685 505 eis,
710 442 791 506 quac
810 421 1013 505 praecedunt,
1035 422 1098 484 iam
1118 421 1192 502 inde
1211 442 1230 482 a
1248 421 1349 502 capite

172 527 430 592 duodevicesimo
463 532 659 613 paupertatis
692 531 813 593 crimen
850 529 911 593 sibi
944 527 982 591 ab
1020 527 1258 592 accusatoribus
1296 525 1349 589 ob-

171 635 323 699 iectatum
350 636 394 699 ita
416 636 545 717 refellit,
573 643 610 700 ut
632 639 774 720 primum
796 636 882 699 illam
908 636 1050 699 modicae
1071 635 1219 715 ,fortunae
1243 632 1349 697 condi·

171 743 290 819 tionem
315 744 447 806 omnino
471 743 676 826 probandam,
703 743 893 827 philosopho
912 742 1070 825 imprimis
1095 747 1350 821 consentaneam,

172 847 210 912 ab
247 849 326 931 ipsis
364 848 484 913 ditibus
521 849 704 914 homiuibus
741 849 893 914 laudabili
929 849 1084 913 modestia
1121 849 1350 930 mediocritatis

172 957 309 1040 speciem
335 956 562 1020 simulantibus
588 960 740 1021 ostentari
760 957 850 1039 dicat,
875 956 988 1020 deinde
1008 956 1155 1039 pauculis
1175 956 1349 1019 interiectis

173 1064 212 1128 de
235 1064 366 1127 nomine
389 1066 583 1148 paupertatis
609 1064 691 1128 hanc
713 1067 815 1149 ipsam
840 1065 1077 1141 subsidioesse
1101 1084 1165 1127 non
1188 1081 1286 1150 parvo
1311 1062 1350 1124 ad

172 1171 415 1235 similitudinem
440 1172 571 1235 deorum
596 1171 812 1237 adnitentibus
836 1174 1021 1256 pronuntiet
1045 1172 1181 1254 ideoque
1201 1175 1349 1254 expeten-

172 1278 244 1341 dam
273 1279 381 1361 potius
410 1299 506 1361 quam
540 1279 750 1343 devitandam.
807 1279 968 1343 Secuntur
997 1278 1092 1342 verba
1124 1279 1157 1340 in
1189 1275 1349 1340 codicibus

171 1385 322 1449 mendose
347 1386 471 1469 scripta,
497 1385 615 1468 quibus
638 1387 751 1450 iudicii
773 1387 1011 1466 perversitatem
1035 1382 1274 1449 accusatoribus
1287 1383 1349 1463 ob-

171 1493 285 1574 tendit,
314 1513 378 1576 qua
401 1512 510 1576 peram
534 1498 565 1557 et
593 1492 744 1569 baculum
767 1494 806 1557 ad
831 1495 1057 1558 contumeliam
1081 1491 1142 1556 sibi
1161 1490 1347 1570 obiecerint.
1446 1501 1449 1506 ’

171 1599 254 1662 Nem
282 1619 315 1662 re
345 1619 419 1663 vera
447 1599 675 1683 exprobratum
704 1620 774 1665 esse
802 1621 855 1665 reo
884 1601 923 1664 ab
945 1601 1129 1665 ’Aemiliano
1157 1600 1191 1661 in
1220 1617 1349 1660 accusa-

172 1707 259 1770 tione
283 1707 428 1770 habitum
457 1707 575 1789 illum‚·
592 1728 658 1783 non
688 1706 875 1771 mirabimur
903 1714 1021 1790 cetera,¹
1048 1727 1129 1790 qnae
1158 1725 1349 1784 commemo·

171 1819 293 1895 rantur,
316 1815 449 1878 crimina
474 1818 687 1898 reputantem)
711 1821 742 1878 ct
767 1795 850 1879 certe
870 1796 1076 1878 confirmatur
1094 1815 1227 1877 oratoris
1246 1814 1349 1896 ipsius

171 1919 277 1984 verbis
313 1942 343 2004 p.
373 1906 544 2003 3111013.
572 1921 686 2002 XXII)
695 1940 705 1984 :·
735 1909 874 1999 liabitas,¹
906 1943 997 2002 qrrcm
1028 1901 1120 1996 malr
1139 1920 1284 2002 obiectus,
1318 1925 1350 1982 et

171 2048 200 2111 p.
221 2029 293 2110 312
305 2032 352 2109 ·(c.
373 2028 503 2109 XXII):
529 2047 643 2108 perum
666 2033 694 2092 el
718 2028 861 2092 baculum
882 2033 925 2092 ta
936 2028 1130 2109 plu'losopbis
1153 2026 1348 2107 exprobras?

170 2134 377 2214 exprobrares
391 2116 498 2217 ¹r'pr'brr
522 2137 620 2219 sqq.2)
657 2135 728 2200 Hoc
751 2141 846 2218 negat
864 2134 1125 2216 Hildebrandius,
1148 2154 1254 2217 neque
1272 2153 1348 2197 vero

169 2241 212 2305 ob
235 2246 323 2318 hunc
347 2223 451 2306 solum
474 2262 610 2306 errorem
635 2243 728 2326 longe
752 2243 912 2307 reicienda
935 2248 984 2307 est
1003 2243 1160 2306 sententia
1183 2243 1253 2305 eius
1273 2241 1349 2319 seri·

171 2349 312 2414 bendum
337 2370 419 2414 esse:
448 2354 574 2431 protum
597 2349 737 2414 bubdam
761 2355 838 2415 esset
861 2351 923 2431 (vel
948 2354 1038 2432 erat),
1059 2350 1110 2425 ,ad
1132 2347 1349 2438 coutumeliam

172 2455 321 2521 diceretis.
372 2457 456 2520 Nam
490 2463 610 2540 quotus
646 2459 785 2541 quisque
818 2459 937 2539 credet,
969 2457 1171 2541 Appuleium
1199 2457 1232 2518 in
1264 2459 1349 2537 Apo·

171 2563 274 2647 legiae
303 2565 444 2628 oratione
473 2567 548 2628 satis
577 2585 657 2648 pura
685 2584 741 2648 pro
773 2565 954 2646 parrdererr,
982 2565 1020 2628 si
1039 2547 1181 2642 diceretis
1210 2562 1289 2625 dure
1318 2566 1350 2624 et

172 2670 305 2735 obscure
337 2673 382 2734 sic
409 2672 551 2735 locutum
580 2672 692 2736 fuisse:
725 2669 1348 2752 3331333333133333331,3133333313)

172 2777 238 2853 Sed
260 2779 324 2841 iam
354 2779 430 2842 satis
458 2778 496 2842 de
519 2778 761 2860 Hildebrandio,
792 2784 972 2862 spectemus
1000 2779 1198 2851 coniecturas
1226 2795 1351 2855 eorum,

171 2886 229 2968 ‚qui
254 2891 372 2949 rectam
395 2887 478 2948 viam
508 2887 645 2968 ingressi
672 2891 778 2949 tamen
801 2907 820 2949 a
842 2905 917 2948 vero
942 2884 1133 2948 aberrarunt.
1180 2883 1268 2946 Inter
1290 2883 1348 2944 hos

172 2991 255 3069 facili
282 2993 458 3056 mutatione
487 2993 554 3056 loco
585 2975 733 3077 corrupto
758 2992 947 3057 subvenisse
969 3009 1147 3074 verumque
1171 2990 1348 3052 restituisse

172 3097 233 3162 sibi
261 3099 351 3162 visus
384 3104 432 3163 est
460 3099 668 3164 Casaubonus
701 3099 880 3163 scribendo:
913 3104 1039 3180 pratum
1070 3096 1174 3171 liubai,
1207 3117 1278 3160 3333
1306 3095 1350 3158 od

169 3359 172 3365 .
231 3331 234 3337 ·
263 3311 289 3381 1)
308 3311 368 3366 Nisi
387 3312 454 3388 forte
475 3311 624 3380 Appuleius
642 3312 784 3367 rhetorIcis
803 3312 907 3366 artibus
926 3312 1009 3366 verba
1033 3312 1221 3368 accusatorum
1240 3295 1349 3380 torquet

172 3402 263 3456 iocosa
281 3401 351 3456 serio
369 3401 569 3470 interpretatus,

170 3490 173 3495 ’
261 3490 289 3560 2)
308 3490 353 3545 Sic
371 3493 444 3545 recte
463 3486 582 3545 restituit
601 3491 764 3562 Kruegerus.

263 3582 289 3650 3)
314 3581 480 3636 Particulam
508 3582 534 3634 sr'
561 3581 594 3636 ab
618 3581 752 3650 Appuleio
786 3581 914 3659 omissam
947 3599 1005 3636 esse
1033 3582 1165 3651 exemplis
1193 3582 1226 3636 ab
1253 3582 1347 3635 Hilde-

172 3670 284 3724 brandio
307 3671 440 3726 adnotatis
459 3688 513 3726 non
533 3671 713 3726 confirmatur.
753 3670 826 3737 Quae
844 3674 922 3742 Apol.
943 3693 964 3728 c.
984 3673 1034 3727 LII
1056 3672 1190 3741 leguntur,
1210 3672 1348 3725 restItuere

172 3759 242 3814 inira
255 3759 379 3826 conabor,
399 3762 432 3814 de
450 3762 552 3814 mundo
572 3777 594 3813 c.
609 3759 735 3814 XXXIII
753 3761 839 3814 buius
859 3763 903 3832 [si]
924 3764 1013 3816 locrua
1032 3761 1191 3830 paruerimus
1207 3761 1249 3813 rel
1263 3761 1349 3814 33133

172 3849 263 3902 locam
291 3849 370 3918 [3333]
395 3850 556 3916 quaeramus
581 3849 750 3902 scribendum
776 3853 830 3918 est,
858 3852 891 3904 de
915 3853 964 3907 deo
983 3852 1055 3906 Socr.
1080 3868 1102 3904 c.
1115 3850 1206 3925 *XXII
1224 3850 1347 3904 enuntia·

172 3939 261 3992 torum
285 3939 371 3993 forma
394 3938 445 3993 aiio
465 3939 543 3993 modo
567 3938 695 4006 explicari
715 3942 810 4007 potest.
849 3940 907 3995 Hoc
926 3943 1016 3993 autem
1035 3940 1094 3994 Ioco
1113 3940 1143 3991 si
1161 3940 1254 3992 deesse
1273 3938 1347 3992 nullo

171 4028 251 4082 modo
270 4029 380 4096 poterat.
419 4027 507 4081 Facile
527 4028 598 4080 enim
618 4029 815 4098 cognoscimus,
836 4047 887 4098 quo
903 4029 1049 4082 sententiae
1064 4028 1172 4082 viuculo
1188 4014 1347 4082 cohaereant

173 4117 227 4171 duo
246 4117 392 4185 enuntiata,
412 4119 435 4171 si
456 4119 604 4171 secundum
623 4119 753 4186 temporIs
767 4134 882 4172 cursum
902 4121 928 4172 et
947 4118 1066 4173 ordinem
1081 4118 1199 4172 actiones
1214 4117 1347 4184 verbaque

172 4206 353 4276 proferuntur,
373 4210 405 4260 ut
423 4207 540 4262 conditio
559 4208 708 4277 praecedat
728 4211 874 4276 sequantur
892 4210 973 4263 lacu:
993 4225 1046 4263 non
1061 4209 1227 4278 intellegitur
1240 4211 1346 4262 senteu-

170 4297 272 4364 tiarum
290 4313 377 4352 nexus
396 4298 487 4352 ordine
505 4299 708 4352 cucullatorum
727 4301 883 4368 permutato.
