3044 4756
650 239 868 300 ..59.-

172 416 263 495 ripae
276 415 442 495 srprercilio
458 414 630 479 lubricante
648 415 752 479 macris
767 415 967 495 ‘irnpalicntia
979 413 1158 495 prolapsas
1169 415 1347 492 dererisscm,

173 544 243 586 ααα
261 521 379 586 deberet
396 522 535 603 eprepims
554 537 649 603 amasa
667 543 798 585 maairm
810 521 982 602 porripere,
1002 522 1141 602 capistro
1152 521 1348 602 crispiadem,

173 630 277 693 rarae
304 628 475 706 stamme,
509 634 587 692 cerlc
615 634 739 709 partem
772 629 853 692 tanti
880 629 999 710 ameris,
1032 629 1136 709 qimad
1158 649 1349 710 resirrpcrem

174 735 292 818 saltem
315 736 482 812 detrahere,
507 735 630 799 malliam
652 736 777 817 allidam
799 735 918 816 defesso
942 735 1019 798 mibi
1041 735 1160 816 ferebat
1182 734 1349 816 arbritium,

173 844 227 908 sed
245 843 400 923 accipiam
423 865 444 906 a
467 843 569 922 capite
591 844 684 907 imma
703 863 772 906 aero
792 847 820 906 ct
839 843 919 922 abacis
938 842 1070 932 norribiis
1088 847 1184 907 latrem
1202 864 1249 906 me
1268 863 1348 906 cara-

75 1029 78 1033 ,
171 950 296 1032 pilabat
326 950 387 1013 eid
394 950 424 1013 it
455 949 535 1030 fasti
564 951 790 1031 praediscima,
814 950 909 1014 donec
937 949 1065 1030 fomenti
1088 950 1152 1012 uice
1183 949 1272 1030 ipsae
1303 971 1350 1012 are

170 1057 285 1139 plapae
308 1057 504 1122 suscitarent.
552 1058 589 1120 lu
619 1058 816 1141 expediendo
845 1054 998 1120 vocabulo
1026 1056 1115 1133 cidit,
1145 1057 1231 1139 quod
1259 1056 1349 1119 nihili

175 1172 236 1247 est,
268 1184 380 1248 parum
410 1153 614 1248 profecerunt
646 1165 793 1228 homines
822 1164 913 1226 docti.
965 1162 1165 1246 Longissima
1192 1184 1211 1226 a
1238 1163 1349 1226 simili-

174 1273 287 1337 tudine
306 1273 374 1335 veri
392 1277 522 1355 propter
541 1273 715 1335 orationem
736 1278 767 1335 et
785 1272 961 1336 litterarum
982 1272 1119 1355 speciem
1141 1271 1244 1351 distat,
1264 1270 1350 1353 quod
1435 1331 1438 1335 .

175 1379 327 1444 exhibent
344 1380 498 1443 editiones
513 1385 585 1462 post
599 1379 791 1444 Beroaldum
811 1380 973 1443 deterioris
994 1384 1087 1441 notae
1109 1377 1207 1441 libros
1223 1382 1350 1440 secutae

175 1487 312 1552 cumdem.
359 1485 497 1570 Propius
526 1486 655 1569 quidem
687 1488 726 1550 ad
750 1487 993 1571 locupletissimi
1017 1486 1135 1549 codicis
1160 1486 1349 1569 scripturam

175 1595 305 1675 accedit,
329 1594 384 1657 sed
411 1593 450 1657 ob
472 1594 604 1657 formam
626 1596 777 1658 orationis
797 1596 1021 1658 inconcinnam
1040 1592 1274 1678 reprobandum
1294 1597 1351 1673 est,

176 1702 260 1786 quod
295 1703 327 1763 in
366 1701 529 1764 nonnullis
563 1701 756 1766 editionibus
789 1703 906 1786 legitur
940 1702 1047 1766 caedit.
1109 1699 1242 1764 Moleste
1266 1698 1351 1769 enim

175 1810 307 1873 ferimus
331 1808 425 1872 verba
455 1799 648 1896 compilrmdl
676 1815 707 1872 et
730 1809 878 1873 caedendi
908 1809 993 1872 nulla
1022 1808 1177 1892 particula
1205 1807 1351 1889 copulata

176 1923 207 1981 et
238 1916 413 2000 perlectum
447 1922 573 1999 tempus
605 1919 762 1999 praesenti
797 1916 1014 1980 subiunctum.
1027 1918 1049 1996 ¹)
1100 1913 1215 1997 Neque
1249 1913 1351 1976 multo

174 2025 300 2088 felicius
334 2024 430 2086 cessit
462 2023 640 2087 emendatio
669 2023 899 2088 Hildebrandio
924 2023 1074 2087 scribenti
1104 2020 1292 2101 compilabat
1314 2041 1352 2082 ac

175 2131 283 2212 seraa,
311 2131 461 2213 quoniam
490 2132 534 2194 ita
559 2137 666 2194 manet
689 2151 725 2195 ea
748 2131 893 2213 offensiO,
923 2150 1005 2214 quae
1033 2131 1140 2194 estin
1170 2137 1350 2211 temporum

177 2240 366 2302 diversitate.
414 2237 522 2301 Novas
552 2258 670 2322 easque
699 2239 790 2302 valde
819 2258 892 2302 cum
917 2239 966 2302 his
990 2238 1206 2320 discrepantes
1229 2236 1352 2298 coniec-

176 2352 264 2409 turas
294 2366 397 2429 nuper
426 2344 628 2428 protulerunt
651 2345 919 2430 Luetjonannese)
948 2351 979 2409 et
1002 2344 1182 2424 Koriolius‚
1211 2362 1351 2427 quorum

177 2454 230 2516 ille
250 2451 436 2532 compilabat
455 2453 641 2517 coacideada
659 2453 740 2534 fasti
754 2454 975 2535 praedicatam,
1000 2453 1051 2515 hic
1070 2449 1257 2531 compilabat
1273 2454 1302 2512 et
1321 2449 1354 2512 id

176 2560 255 2641 part
275 2560 489 2641 prontissimo
513 2560 609 2623 scribi
632 2562 740 2640 iussit3
766 2567 917 2625 neutrum
937 2560 1180 2623 commendatur
1204 2558 1351 2621 similitu·
1402 2581 1404 2584 ¹

178 2667 250 2730 diue
292 2667 399 2750 aliqua
439 2668 623 2731 litterarum.
685 2670 835 2731 Attamen
866 2667 1115 2750 Luetjohannes‚
1154 2685 1349 2749 quamquam

177 2774 333 2838 aberravit
351 2794 464 2855 avere,
483 2782 601 2838 rectam
612 2775 738 2838 videtur
753 2775 944 2838 emendandi
959 2777 1044 2837 viam
1059 2775 1224 2856 ingressus
1238 2773 1351 2852 esse.³)

178 2881 255 2944 blihi
275 2881 409 2945 dubium
430 2901 495 2944 non
515 2888 571 2964 est,
591 2883 670 2966 quin
690 2888 802 2946 auctor
820 2882 940 2946 codicis
955 2882 1129 2946 Florentini
1148 2883 1181 2944 iu
1197 2879 1352 2961 exemplo,

898 2990 968 3029 cidit

180 3044 267 3125 quod
290 3045 320 3106 ei
339 3045 536 3128 propositum
563 3044 637 3126 luit,
660 3045 817 3107 invenerit
842 3043 1060 3124 compilabat4)
1085 3049 1116 3107 et
1134 3042 1208 3105 inde
1230 3047 1352 3103 utrum-

180 3170 242 3232 que
265 3152 296 3213 in
324 3153 436 3214 seriem
456 3150 625 3214 verborum
645 3161 846 3235 praepostere
866 3152 1072 3215 transtulerit.
1107 3148 1191 3214 Cidil
1209 3139 1352 3210 additum

178 3259 244 3321 illic
263 3265 329 3321 erat
352 3260 435 3321 inter
454 3277 566 3322 versus
590 3280 609 3321 a
628 3259 743 3322 lectore
763 3258 914 3341 quodam,
937 3259 993 3341 qui
1013 3256 1203 3336 compilamli
1221 3253 1352 3329 verbor)

271 3491 295 3558 1)
324 3491 382 3545 Hoc
416 3506 468 3543 non
496 3489 638 3544 abhorrere
671 3490 704 3543 ab
732 3489 850 3559 Appulei
880 3505 953 3543 more
981 3488 1089 3542 minime
1117 3488 1289 3541 confirmatur
1314 3484 1354 3538 eis

179 3580 317 3649 exemplis,
337 3597 404 3649 «puae
424 3580 502 3634 affert
520 3577 668 3646 Koriolius,
688 3579 737 3632 der
757 3579 812 3633 Stil
830 3579 877 3632 des
895 3579 928 3633 L.
949 3578 1096 3645 Apuleias,
1115 3595 1139 3646 p.
1159 3577 1218 3630 234.

270 3671 296 3738 2)
315 3669 347 3723 In
367 3670 435 3724 actis
455 3686 508 3724 soc.
528 3668 594 3736 phil.
614 3668 687 3736 Lips
708 3668 757 3735 ΠΙ,
778 3687 802 3738 p.
823 3669 883 3723 485.
904 3663 910 3670 ’

270 3761 297 3828 3)
322 3759 398 3826 Quod
421 3759 620 3828 LuetJohanues
646 3758 868 3828 praepositionem
893 3776 959 3826 cam,
983 3774 1064 3827 quarn
1083 3755 1231 3810 antevidit
1253 3753 1354 3822 perisse

180 3849 253 3917 dicit,
273 3849 363 3903 verbis
378 3849 604 3905 Pseudolucianei
617 3849 679 3902 iibri
688 3847 806 3907 Λούκιος
827 3848 842 3915 ἢ
856 3847 916 3907 ὄνος
932 3847 1083 3902 confirmari
1097 3845 1244 3913 existimat,
1263 3845 1354 3899 nescio

179 3954 213 3992 an
231 3938 360 3992 erraverit
378 3939 458 3993 homo
477 3940 580 3993 doctus.
618 3939 688 3994 Nam
708 3939 773 4008 qnid
792 3939 916 4007 impedit,
940 3938 1004 4006 quin
1028 3937 1171 3988 συνέκοπτε
1190 3935 1352 4004 respondeat

179 4028 261 4082 verbo
280 4028 466 4095 campilaeti?
1395 4087 1399 4090 .

269 4119 295 4186 4)
315 4117 406 4172 Minus
420 4122 544 4172 accurate
564 4118 639 4184 cidit,
658 4135 709 4172 non
729 4118 843 4184 ridebat,
862 4116 1066 4185 suprascripsit:
1086 4115 1168 4170 simili
1188 4113 1355 4184 neglegentia

179 4207 242 4262 Met.
265 4209 321 4275 14‚1
348 4210 359 4260 l
375 4208 473 4262 lrabeat
492 4208 610 4276 explicat
628 4208 720 4262 addito
738 4208 780 4260 ccl
797 4207 905 4260 habitat
923 4207 986 4276 (pro
1005 4205 1126 4275 habitet).

270 4301 296 4370 b)
317 4299 377 4353 Uno
396 4301 500 4352 tantum
519 4298 578 4352 loco
598 4300 702 4368 praeter
716 4298 796 4366 hune,
818 4314 897 4368 quem
912 4299 1070 4363 tractamus,
1089 4296 1171 4350 verbo
1186 4293 1355 4361 corripilamli
1423 4286 1429 4295 ’
