3044 4756
652 227 871 287 „30-

176 404 249 483 43,8
272 405 387 466 statuto
412 422 466 484 pro
489 407 614 483 statam,
644 403 742 483 88‚15
764 402 996 482 formosissimas
1019 422 1075 485 pro
1099 403 1352 482 formosissimas,

174 510 416 572 Accuratiorern
442 509 579 591 quodam
604 509 698 571 modo
723 529 819 591 quam
845 509 895 571 nis
920 509 1010 589 locis,
1039 509 1158 591 quibus
1182 503 1348 573 lectionem
1433 563 1434 566 ,

177 616 368 698 adscriptam
397 616 496 678 solam
520 616 650 698 recepit,
674 634 708 678 se
730 622 890 697 praestare
914 615 1039 678 videtur
1063 615 1172 697 tale,
1200 615 1257 679 ubi
1278 623 1352 700 post

178 722 345 785 lectionem
375 728 595 785 a'correctore
624 722 802 784 adnotatam
830 722 966 785 reddidit
990 723 1084 785 etiam
1113 723 1263 805 primam,
1295 725 1349 786 sed

176 839 346 912 utramque
370 829 582 913 depravatam.
598 831 618 908 ¹)
661 826 848 910 Diligentiac
877 849 940 891 non
968 830 1102 891 minoris
1126 829 1280 892 indicium
1305 836 1352 894 est

176 937 283 1017 85,22,
305 935 361 999 ubi
385 943 557 1017 corrector,
580 955 653 998 cum
679 939 784 998 totum
808 936 914 999 locum
938 956 1050 1019 parum
1075 935 1282 1018 intellegeret,
1304 939 1352 999 in-

177 1043 345 1106 serendum
371 1062 441 1106 esse
464 1042 597 1126 putabat
619 1041 811 1105 vocabulum
831 1043 896 1123 qni,
921 1043 1007 1125 quod
1027 1043 1163 1127 scriptor
1182 1042 1301 1105 codicis
1321 1065 1367 1122 o,

176 1151 324 1232 quamvis
353 1169 516 1233 perperam
544 1151 719 1231 intrusum,
748 1154 853 1213 tamen
884 1150 1063 1233 descripsit,
1097 1155 1128 1212 at
1157 1149 1351 1232 descriptum

175 1257 345 1336 induxit.2)
396 1255 467 1320 Hoc
499 1257 644 1336 exemplo
674 1276 771 1340 quam
799 1257 938 1320 maxime
968 1258 1080 1340 opinor
1106 1255 1253 1319 firmatur
1281 1276 1351 1320 sen-

175 1365 287 1444 tentia,
317 1383 358 1427 cx
388 1383 451 1447 qua
480 1383 590 1427 omnes
619 1365 826 1444 mutationes,
856 1365 890 1426 in
916 1363 1034 1446 quibus
1058 1364 1265 1426 consentiunt
1287 1363 1302 1425 f
1321 1371 1352 1426 et

175 1493 213 1550 o,
240 1469 421 1533 referuntur
444 1471 483 1533 ad
507 1478 715 1534 correctorem
737 1471 762 1551 f,
786 1470 934 1533 librarius
959 1477 1067 1533 autem
1091 1469 1191 1532 verba
1214 1475 1351 1532 correcta

174 1579 331 1661 recepisse
355 1583 499 1661 putatur,
529 1580 585 1640 vix
614 1580 700 1641 enirn
724 1582 883 1641 corrector
906 1578 992 1640 ullus
1018 1577 1144 1660 repetiit
1168 1579 1353 1660 scripturas,

176 1703 258 1766 quae
282 1686 433 1767 quoniam
458 1685 555 1748 falsae
578 1684 777 1766 videbantur,
801 1692 979 1767 expunctae
1003 1684 1135 1747 fuerant.

265 1790 423 1866 Quoniam
447 1793 523 1855 satis
548 1793 787 1873 explicavimus
809 1811 868 1854 cur
892 1792 1031 1855 codicem
1052 1791 1077 1853 l*
1096 1793 1157 1854 iarn
1179 1797 1349 1873 antequam

175 1900 377 1983 apographon
401 1921 424 1976 o
450 1898 665 1980 conficeretur,
696 1903 733 1962 ab
756 1899 772 1960 f
792 1899 996 1963 emendatum
1027 1899 1127 1961 fuisse
1151 1916 1349 1978 conseminia,

176 2026 262 2069 rrunc
292 2008 377 2089 ipsas
407 2008 589 2070 correctoris
622 2007 850 2069 fmutationes
882 2007 1128 2088 perlustremus,
1163 2011 1200 2068 ut
1223 2005 1348 2067 illarum

175 2115 296 2176 ratione
315 2118 346 2175 et
365 2115 496 2196 origine,
520 2119 676 2196 quantum
695 2112 764 2176 fieri
784 2113 885 2194 liceat,
908 2113 1033 2196 cognita
1052 2112 1124 2174 dein
1145 2113 1278 2175 certiore
1297 2113 1348 2173 via

176 2220 359 2303 inAppulei
378 2218 484 2283 verbis
507 2220 693 2283 revocandis
717 2221 841 2303 ingredi
860 2221 1029 2303 possimus
1063 2219 1105 2281 Et
1128 2238 1199 2282 mea
1221 2219 1350 2301 quidem

177 2329 333 2390 sententia
352 2326 477 2406 desunt,
500 2345 582 2409 quae
600 2327 751 2390 lectiones
776 2327 814 2390 ab
832 2327 848 2388 f
868 2327 1033 2390 adnotatas
1051 2326 1187 2389 fluxisse
1207 2345 1224 2388 e
1244 2325 1352 2388 codice

175 2435 283 2516 aliquo
308 2435 469 2515 evincant,
494 2440 680 2516 argumenta
707 2435 861 2516 graviora.
907 2433 990 2496 Nam
1015 2451 1228 2517 quaecunque
1253 2432 1317 2495 iere
1342 2431 1356 2492 f

176 2541 361 2618 corrigendo
382 2542 521 2622 sustulit,
540 2541 615 2604 talia
634 2547 719 2627 snut,
738 2540 907 2623 inquibus
927 2541 1071 2605 homines
1081 2542 1133 2604 vel
1153 2538 1352 2602 mediocriter

178 2649 261 2710 docti
294 2649 371 2710 vitia
405 2648 561 2712 scribendi
593 2648 779 2732 dignoscere
812 2649 979 2711 valuerint.
1029 2648 1120 2710 Alias
1154 2652 1313 2709 corrector
1340 2645 1355 2714 f

176 2868 406 2943 correctorum,
429 2864 500 2945 qui,
524 2883 596 2925 cnm
622 2864 729 2925 minus
753 2863 786 2925 id
810 2882 937 2946 operam
962 2863 1085 2943 darent,
1110 2867 1159 2942 ut,
1183 2861 1260 2944 quid
1281 2878 1350 2923 sen·

177 2970 271 3032 sisset
294 2969 437 3051 scriptor,
455 2969 659 3032 restituerent
679 2989 774 3051 quam
797 2975 841 3050 ut,
860 2970 1076 3053 quodcunque
1100 2968 1272 3032 obscurum
1295 2974 1351 3029 airt

177 3095 324 3154 asperum
360 3076 528 3159 impediret
557 3076 712 3159 legentes,
743 3077 899 3156 tollerent,
931 3082 1106 3141 structuras
1134 3076 1350 3138 inusitatiores

177 3188 316 3263 mutare,
348 3182 453 3246 verbis
486 3183 621 3246 insolitis
660 3184 752 3247 solita
784 3183 980 3247 substituere
1017 3203 1081 3245 non
1117 3181 1349 3245 dubitaverunt.

177 3289 344 3352 Praeterea
377 3291 561 3373 paucissimi
590 3296 714 3354 tantum
738 3291 813 3373 loci,
847 3291 966 3373 quibus
998 3290 1152 3353 medelam
1187 3288 1350 3351 difficilius

176 3402 242 3459 erat
274 3397 374 3479 prima
408 3397 543 3460 lectione
577 3398 699 3479 afferre,
733 3397 771 3460 ab
799 3398 966 3461 fcorrecti
996 3403 1087 3476 sunt,
1121 3415 1210 3459 rarae
1243 3402 1347 3458 autem

177 3504 328 3566 lectiones
351 3510 534 3586 occurrunt,
554 3505 591 3568 de
611 3504 729 3587 quibus
753 3506 831 3568 nihil
855 3506 931 3569 certi
955 3504 1103 3567 affirmari
1127 3504 1235 3586 possit.
1281 3502 1349 3564 lam

175 3612 201 3672 si
232 3611 357 3692 singula
388 3611 639 3692 consideramuS,
673 3632 755 3694 quae
785 3618 912 3676 centum
947 3613 1076 3694 triginta
1108 3611 1173 3673 iere
1204 3608 1354 3689 locisilf

265 3823 290 3890 1)
305 3809 370 3892 pict
384 3809 468 3892 piod3
489 3810 602 3893 l'pt'eot,
612 3824 624 3876 f
630 3840 712 3891 snpra
722 3823 820 3877 lincam
832 3824 935 3878 addidit
944 3828 1053 3893 piarent
1065 3824 1128 3876 etin
1138 3822 1209 3875 linea
1224 3821 1252 3874 l*
1262 3808 1348 3890 pient.

264 3913 291 3980 2)
317 3912 435 3966 Similem
460 3913 627 3980 diligentiam
650 3929 796 3979 cognosces
818 3915 976 3967 emunctoris
991 3933 1024 3984 a,
1048 3930 1073 3980 p.
1093 3911 1165 3979 aad,
1187 3911 1251 3964 vide
1270 3928 1295 3978 p.
1315 3910 1350 3963 34

174 4001 256 4053 liuius
276 4002 509 4056 commentationis
529 4005 619 4055 notant
639 4002 663 4056 2.

264 4092 290 4157 3)
314 4091 423 4144 Praeter
447 4092 572 4144 undecim
591 4091 676 4158 loc0S,
704 4091 803 4159 quibus
827 4092 1023 4159 Luetj0hanncs
1052 4107 1104 4144 non
1129 4092 1195 4144 satis
1219 4088 1349 4157 distingui

174 4197 252 4249 posse
267 4181 334 4233 dicit
347 4180 416 4232 intor
428 4181 461 4233 ΡΙ
476 4184 503 4234 ct
518 4182 541 4247 l3
558 4181 648 4233 addidi
662 4183 750 4233 autem
767 4198 800 4233 ex
816 4197 907 4232 corum
918 4180 1036 4233 locorum
1049 4195 1168 4245 numere,
1180 4195 1247 4246 aptos
1257 4180 1349 4231 utrum

174 4271 186 4321 l
208 4287 240 4324 an
260 4271 288 4322 f*
309 4270 481 4336 correxisset,
505 4269 574 4321 idern
593 4270 691 4322 dubius
710 4274 780 4337 crat,
805 4286 863 4336 coa,
888 4269 934 4336 «pul
954 4270 963 4320 l
982 4268 1114 4320 tribuendi
1134 4285 1193 4319 csso
1215 4269 1347 4320 videntur.
