3044 4756
645 233 686 242 ..
737 198 777 259 14
824 235 865 242 .-

215 373 332 456 174,22
357 373 381 436 F
404 374 447 458 aa
468 395 514 451 ne,
539 373 572 436 f*
595 374 656 458 prta
680 374 723 453 de,
749 375 776 436 V
802 374 843 459 qa
862 372 899 446 fs,
920 396 966 440 ne.

215 516 330 597 lecal
352 516 377 579 F
400 521 498 580 rnrrstc
521 517 628 601 letitia,
652 517 685 579 f*
708 516 835 581 natante
858 518 927 594 etta,
953 518 982 580 V
1002 519 1128 583 rnnstete
1142 466 1273 584 datiane.

215 623 330 703 itare
355 622 392 686 ln
411 623 437 686 F
455 624 592 688 testibus
614 623 714 706 Luetj.
726 624 873 688 atWilm.
888 625 1025 688 cirticarr'
1043 629 1076 690 in
1091 646 1204 690 rasura
1219 629 1345 711 scripsit

300 730 344 811 f*,
362 731 446 794 idem
466 730 633 794 lectionem
653 752 671 795 a
691 731 715 793 F
734 734 767 795 in
787 733 930 815 margine
949 735 1084 815 positam
1109 735 1213 815 erasit,
1237 755 1257 795 v
1275 736 1343 799 ar'n-

301 891 412 968 aarr,
437 891 467 951 v
490 892 624 955 ararat:
643 838 678 905 'k
697 899 711 959 r
730 943 736 955 .
757 939 763 953 .
783 943 789 955 .
809 896 847 970 a)

215 1016 329 1097 tauta
354 1015 380 1078 F
403 1021 482 1080 teste
505 1016 724 1100 Luetjohanne
746 1018 863 1083 arserit
890 1022 919 1099 (a
943 1037 984 1082 ex
1007 1039 1029 1081 a
1052 1018 1126 1083 fecit
1148 1019 1204 1100 f*),
1227 1026 1300 1084 anta
1322 1042 1344 1083 a

302 1124 437 1187 duarum
457 1123 633 1188 litterarum
655 1127 791 1208 spatium
804 1145 944 1189 vacuum
962 1132 1010 1189 est
1029 1125 1188 1206 relictum,
1210 1128 1240 1188 in
1263 1148 1344 1190 mar-

300 1233 374 1313 gine
398 1231 525 1314 signum
550 1233 744 1316 corruptelae
767 1233 796 1310 d,
842 1232 872 1294 V
897 1280 903 1292 .
928 1283 933 1295 .
957 1233 1070 1296 arserit
1094 1232 1130 1296 ·l;
1236 1267 1238 1270 >
1317 1280 1319 1284 »

213 1340 330 1420 218,30
359 1338 406 1401 Fv
434 1343 592 1418 caecaret,
623 1359 705 1424 quae
732 1342 767 1402 in
796 1341 939 1424 margine
967 1340 1129 1404 adnotavit
1157 1341 1196 1421 F,
1229 1341 1343 1404 obscu-

303 1447 388 1509 riora
416 1466 504 1511 nunc
532 1454 623 1528 sunt,
645 1453 729 1511 certe
752 1448 938 1530 dignoscere
960 1455 1082 1531 poterat
1106 1447 1342 1529 Luetjolrannes

299 1589 371 1670 per-i
399 1590 452 1671 llll}
481 1594 516 1667 ct,
541 1590 625 1653 Vin
655 1591 803 1674 margine·
820 1543 990 1670 d'ornperr'et.

166 1714 169 1718 ·
214 1698 309 1778 22⁰‚5
329 1697 353 1760 F
377 1696 573 1761 contrahente
597 1701 624 1778 (e
647 1699 677 1760 in
704 1698 768 1762 fine
792 1699 888 1761 erasit
911 1698 968 1776 f*),
995 1698 1025 1760 V
1049 1696 1275 1768 contralaentss¹

176 1856 179 1865 .
257 1804 390 1868 Restant
413 1805 506 1887 pauci
531 1805 589 1868 loci
614 1807 722 1870 minus
745 1820 882 1885 graves,
900 1806 938 1868 de
963 1804 1094 1905 quibm,
1118 1806 1194 1887 qnid
1219 1808 1260 1868 sit
1284 1812 1343 1868 sta·

50 1986 54 1993 ¹
169 1912 335 1992 tuendum,
360 1911 476 1975 dubius
501 1912 621 2003 haereo.

215 2021 287 2100 283
312 2018 337 2081 F
359 2039 481 2101 nercrrs,
504 2041 524 2081 v
547 2021 640 2097 ncrc',
664 2020 695 2080 V
718 2040 775 2102 pro
798 2041 821 2082 n
845 2021 971 2104 scripsit
993 2041 1023 2082 n.

214 2127 286 2208 83,ss
316 2127 341 2190 F
372 2127 573 2204 demonstrat,
603 2126 633 2187 V
662 2133 741 2190 teste
767 2125 867 2209 Luetj.
897 2127 1082 2203 demoverat,
1112 2127 1189 2189 mihi
1218 2126 1343 2188 videtur

304 2253 374 2298 esse
397 2233 583 2297 denroncrat.

214 2342 309 2423 83,Ιό
339 2340 364 2403 F
392 2339 511 2418 lanoso,
541 2360 560 2400 v
587 2341 774 2418 Lanastnrn,
806 2341 833 2401 V
858 2348 936 2405 teste
963 2341 1063 2423 Luetj.
1092 2341 1236 2417 Lanosn,
1266 2340 1342 2404 milri

303 2448 436 2511 dubium
463 2453 519 2528 est,
544 2449 626 2512 sitne
650 2448 756 2511 littera
774 2447 879 2512 finalis
901 2469 932 2511 n.

215 2555 311 2637 *93,9
343 2555 367 2618 F
396 2555 480 2618 anni
507 2555 621 2639 nectas„
649 2577 670 2616 v
700 2555 839 2620 airnodas
867 2557 977 2638 (supra
1004 2576 1021 2619 o
1049 2557 1184 2636 rasura),
1211 2556 1234 2615 V
1260 2541 1344 2618 tirreni

301 2662 407 2739 nectas,
430 2662 562 2727 fortasse
585 2685 606 2726 a
630 2682 671 2727 ex
697 2665 879 2727 coniectura
901 2663 939 2729 V.

213 2770 353 2850 *tlara
383 2790 402 2830 v
430 2768 591 2847 tercurtae,
624 2770 654 2830 V
682 2771 775 2834 tenori
808 2778 840 2834 ct
870 2772 906 2834 r'n
935 2771 1076 2852 rnarpr'ne
1108 2771 1213 2833 cadent
1246 2790 1343 2832 narnn

303 2876 469 2962 lrrrcnrr‘g,
496 2877 573 2940 nihil
596 2879 630 2940 in
654 2879 796 2961 margine
820 2879 936 2942 codicis
962 2878 986 2940 F
1009 2898 1096 2942 nunc
1120 2878 1292 2941 invenitur.

216 2986 309 3065 182,5
335 2983 359 3046 F
380 2988 523 3063 propter,
551 2983 579 3043 V
603 2984 758 3048 vocabulo
779 2989 910 3066 propter
934 2987 1063 3070 signum
1087 2986 1235 3068 adposuit
1259 3004 1343 3047 com-

303 3092 417 3174 pendio
442 3089 581 3172 syllabae
604 3112 643 3155 ns
667 3092 780 3173 simile,
804 3113 868 3175 quc
894 3093 970 3175 quid
991 3092 1228 3175 significaturus
1248 3091 1343 3154 luerit

304 3199 342 3279 V,
366 3218 429 3261 non
453 3205 546 3282 patet.

215 3307 330 3388 alant
356 3306 402 3369 Fv
424 3307 633 3387 properabant,
661 3309 686 3367 V
712 3309 838 3371 videtur
861 3327 903 3371 ex
924 3328 982 3388 pro
1006 3308 1182 3370 correxisse
1203 3327 1268 3387 per.

260 3413 418 3489 Quoniam
448 3417 481 3476 in
512 3413 809 3498 Metamorphoseon
841 3415 943 3497 libris,
975 3434 1187 3498 quaecunque
1210 3413 1343 3475 Victorii

170 3523 320 3585 lectiones
348 3541 367 3584 a
395 3522 513 3585 codicis
541 3521 567 3584 F
590 3524 747 3606 scriptura
776 3523 939 3599 differunt,
966 3522 1147 3603 attulimus,
1173 3522 1234 3583 iam
1262 3539 1343 3602 quae

170 3629 209 3692 ad
237 3629 363 3692 Florida
396 3628 570 3707 adnotavit,
600 3629 711 3693 eodem
741 3631 835 3694 modo
864 3629 1139 3714 percensebimus,
1166 3629 1228 3690 nisi
1257 3627 1342 3709 quod

170 3755 224 3798 eac
258 3755 387 3818 quoque
420 3736 571 3800 lectiones
605 3739 673 3799 sive
704 3737 728 3800 F
761 3739 829 3801 sive
860 3738 888 3797 V
918 3736 1212 3801 commemorandae
1240 3740 1345 3814 eruut,

170 3863 250 3926 qrras
266 3845 297 3905 in
312 3842 467 3926 Krnegeri
482 3845 620 3908 editione
634 3864 798 3929 perperam
816 3845 950 3928 prolatas
965 3863 1035 3908 esse
1050 3843 1342 3906 animadvertimus.

251 3941 341 4013 'Non
366 3951 553 4016 differunt
577 3952 601 4015 F
625 3960 660 4015 et
684 3952 727 4014 V:

262 4057 386 4120 Erravit
400 4058 643 4123 Studemundus
658 4061 690 4122 in
702 4061 834 4123 lectione
845 4060 962 4122 codicis
976 4058 999 4122 F
1009 4056 1176 4120 iudicanda
1189 4057 1237 4119 liis
1249 4057 1342 4119 locis:

262 4255 286 4320 l)
307 4261 335 4310 ·l;
358 4253 466 4319 siguum
486 4255 652 4322 corruptelae
671 4256 715 4324 (an
735 4256 821 4323 rerer)
840 4256 889 4320 est,
908 4267 921 4314 t
940 4253 1126 4322 corripendiurn
1146 4254 1221 4306 vocis
1239 4240 1291 4304 rel(
