3044 4756
654 257 872 319 „11-

197 433 315 510 *leur
336 433 360 495 F
379 434 415 510 ei,
441 434 470 494 V
493 434 577 511 ei·us;
596 436 797 518 aptissimum
823 437 851 500 ei
871 448 927 518 est,
951 457 1047 500 causa
1067 438 1252 501 mutationis
1272 439 1349 502 alio·

310 542 387 624 quin
412 542 580 604 facillimae
605 562 668 605 non
693 542 801 626 liquet.

222 649 315 730 lone
346 647 370 710 F
397 649 532 713 testibus
561 648 661 731 Luetj.
691 655 722 712 et
748 648 854 711 Wilm.
884 649 1074 731 acquiritur,
1098 650 1132 712 f*
1160 645 1349 731 aqquirit'nr,

327 755 602 838 Eyssenlrardins‚
631 757 682 820 cui
706 757 813 820 nescio
837 775 875 818 an
902 755 1054 819 hocloco
1078 757 1158 822 fides
1182 758 1351 822 tribuenda

326 864 376 943 sit,
398 864 432 925 in
457 863 563 926 codiee
587 863 612 926 F
635 863 697 947 legi
720 863 905 943 anquiritur
928 863 1012 944 dicit,
1035 863 1277 946 V-nnquiritur.

221 970 336 1046 20],27
368 969 392 1032 F
419 969 555 1047 corellus,
584 969 613 1031 V
642 968 797 1043 carolum
834 976 969 1054 utraque
1006 972 1106 1036 forma
1140 975 1255 1036 visitata
1287 979 1349 1053 est3

308 1077 441 1141 fortasse
469 1077 500 1136 V
522 1077 593 1141 ideo
617 1078 768 1159 mutavit,
791 1078 876 1161 qnod
911 1077 1035 1142 certabas
1058 1079 1186 1163 linguae
1209 1082 1350 1164 poeticae

308 1186 474 1268 proprium
498 1187 583 1266 est.¹)

265 1291 326 1356 His
350 1292 429 1355 locis
454 1292 624 1376 adiungam
652 1293 746 1375 1793
773 1312 969 1377 quamquam
996 1294 1165 1358 Vioentina
1188 1301 1219 1358 et
1242 1294 1351 1358 Fnon

175 1401 267 1485 plane
300 1400 384 1464 idem
418 1399 576 1464 exhibent
622 1399 683 1464 Sed
719 1420 801 1485 quae
834 1400 955 1464 litterae
992 1402 1025 1463 in
1063 1401 1234 1465 Vioentina
1270 1424 1288 1465 a
1320 1402 1351 1463 V

176 1509 395 1591 corriguntur,
435 1507 563 1571 eaedem
605 1509 818 1572 inveniuntur
858 1508 889 1569 in
934 1508 1041 1572 codice
1084 1508 1276 1573 Florentino.
1326 1508 1351 1572 F

171 1600 268 1699 pond,
298 1613 468 1678 Vioentina
491 1619 769 1694 paraetacenen.
817 1613 846 1672 V
869 1634 925 1698 pro
949 1635 990 1678 on
1013 1617 1138 1699 scripsit
1161 1638 1236 1693 arne,
1266 1617 1349 1700 quod

174 1722 306 1785 lormam
334 1723 566 1803 percunctandi
592 1724 624 1786 in
655 1723 764 1786 codice
794 1721 820 1784 F
843 1722 1032 1807 plerumque
1055 1724 1194 1786 inveniri
1219 1723 1349 1790 viderat.

176 1828 224 1893 De
243 1830 463 1914 orthographia
482 1830 578 1894 huius
598 1829 743 1893 vocabuli
764 1829 836 1892 vide
855 1828 1002 1912 Corssen,
1025 1830 1186 1893 Kritr'sclre
1204 1830 1352 1912 Bcitrdqe

174 1957 234 2002 aar
257 1936 308 2000 lat.
334 1935 555 2001 Formenlehre
576 1958 604 2021 p.
624 1939 644 2000 4
669 1957 737 2020 sqq.
783 1935 963 2019 Nachtrdpe
985 1957 1015 2020 p.
1035 1938 1077 1998 42
1102 1956 1171 2020 sqq.

264 2043 426 2108 Secuntur
470 2044 531 2108 loci
578 2047 617 2126 ei,
655 2044 825 2129 quibusV
869 2044 1058 2108 Vioentinae
1091 2043 1219 2107 lectioni
1243 2046 1350 2127 scrip·

177 2158 279 2214 turam
306 2151 425 2215 codicis
448 2150 473 2214 F
496 2153 605 2215 minus
628 2158 774 2217 accurate
798 2158 957 2217 enotatam
981 2149 1154 2215 substituit.

224 2259 271 2340 1,7
294 2258 319 2322 F
338 2263 465 2344 tropos,
484 2261 532 2340 v2)
555 2259 701 2337 Teucros,
720 2260 751 2320 V
773 2260 919 2346 Taenarum
941 2260 969 2318 V
985 2259 1142 2343 virgulam
1161 2279 1224 2322 non
1245 2261 1353 2343 priori,

333 2367 388 2430 sed
412 2368 578 2450 posteriori
602 2367 724 2432 litterae
748 2392 763 2432 e
786 2369 914 2433 addidit.

222 2474 272 2555 6,3
301 2474 326 2536 F
348 2474 553 2552 ardictbones,
577 2496 598 2536 v
622 2476 833 2548 antiochena,
862 2477 892 2536 V
920 2476 1149 2552 urrticbtlroncs;
1177 2474 1204 2534 V
1238 2492 1350 2537 verum

311 2581 486 2662 restituit³l

223 2689 317 2770 21,26
352 2687 376 2751 F
411 2688 586 2768 iurrrlenta,
618 2711 637 2750 v
656 2690 860 2772 terrulentum,
890 2690 918 2750 V
948 2689 1125 2765 iurulenta·
1176 2690 1207 2749 V
1235 2691 1351 2753 lineam

310 2817 342 2859 m
356 2797 549 2860 indicantem
573 2818 737 2881 perperam
761 2798 895 2878 addidit,
917 2799 1051 2861 fortasse
1069 2799 1144 2880 quia
1165 2795 1352 2860 Vioentinae

310 2905 410 2967 forma
434 2906 467 2966 in
492 2926 522 2968 m
546 2905 696 2969 desinens
715 2905 744 2969 ei
762 2905 802 2968 ob
821 2905 929 2969 oculos
949 2904 1141 2970 versabatur.

224 3013 316 3094 31,11
334 3010 359 3074 F
380 3010 537 3089 runaut,
557 3032 576 3073 v
595 3011 793 3092 lbeleplrron,
813 3013 842 3072 V
861 3012 1040 3089 Taena—na
1056 3013 1194 3095 priorem
1211 3012 1350 3075 vocalem

254 3158 257 3163 ι
312 3137 391 3183 eex
415 3122 573 3203 scriptura
596 3120 784 3184 Vioentinae
807 3121 940 3184 retinuit
965 3120 1001 3181 V.

224 3228 318 3309 37‚18
344 3226 368 3289 F
392 3231 540 3307 temptare
563 3225 732 3308 fortunam,
757 3226 785 3286 V
809 3227 971 3307 fortunam
995 3229 1026 3290 in
1052 3248 1071 3288 v
1093 3228 1248 3291 omissum
1271 3226 1351 3290 falso

312 3340 384 3398 ante
408 3338 557 3414 tenrptare
580 3335 754 3398 collocavit.

225 3443 319 3523 37,29
339 3441 364 3504 F
379 3441 532 3519 solemnis,
553 3441 729 3519 vsolcmus,
753 3441 783 3500 V
804 3440 937 3519 sollertia,
963 3443 1046 3525 quod
1070 3448 1176 3505 utrum
1196 3439 1353 3505 sollemnis

313 3570 352 3612 an
376 3548 525 3613 sollennes
551 3549 724 3633 legendnm
754 3551 808 3630 sit,
842 3569 906 3612 non
941 3550 1055 3633 liquet3
1084 3550 1156 3613 vide
1189 3548 1352 3611 Kuehneri

313 3676 445 3740 gramm.
461 3657 512 3720 lat.
528 3657 552 3735 Ι,
572 3677 601 3740 p.
614 3658 691 3735 1213
712 3658 751 3720 de
764 3659 979 3738 geminatione
994 3658 1116 3720 litterae
1133 3656 1144 3719 l
1159 3657 1196 3719 ct.
1207 3655 1354 3735 (lorssen,

320 3750 402 3830 Uber
424 3763 636 3844 Art-ssprnclre,
668 3763 864 3829 Volcnlr'srnus
888 3771 945 3828 etc.
971 3765 985 3827 l
1010 3787 1039 3849 p.
1066 3767 1137 3828 225.

178 3893 338 3901 ——-—-

271 3960 297 4029 1)
315 3958 379 4014 Met
400 3960 475 4025 ran
497 3959 518 4013 F
537 3961 675 4028 ceruleas,
690 3960 724 4014 F¹
738 3961 765 4014 in
780 3978 855 4032 marg
883 3962 1008 4028 cerulea,
1022 3962 1051 4015 l*
1066 3961 1186 4028 ceratas,
1203 3977 1215 4013 r
1231 3960 1352 4025 cotulam,

177 4051 205 4103 V
222 4050 293 4104 nihil
311 4051 458 4105 adnotavit.

238 4142 248 4161 ⁰
271 4142 298 4211 2)
316 4141 420 4196 Littera
439 4159 456 4192 v
474 4141 617 4194 lectionem
636 4141 791 4197 Vioentinae
810 4143 943 4197 indicabo

270 4232 299 4300 3)
315 4231 391 4287 Idem
411 4232 544 4285 interdum
567 4232 666 4285 lactum
688 4250 747 4286 esse
766 4249 783 4287 a
802 4232 825 4282 V
843 4232 977 4299 invenies3
997 4234 1029 4286 ol.
1049 4231 1112 4286 Met.
1134 4230 1241 4299 125,10;
1262 4230 1353 4297 201,3;

175 4322 259 4393 Apol.
278 4324 320 4390 ul
340 4322 368 4376 in
388 4323 512 4376 versibus
531 4322 681 4376 Homericis
699 4322 832 4377 indicatis.
1190 4322 1192 4327 '
