3044 4756
653 986 849 1061 particule
873 987 897 1060 l.

264 1157 306 1232 lie
334 1153 438 1232 codice
461 1153 629 1231 victoriano
657 1153 704 1251 qui
733 1153 839 1230 dicitur
866 1152 988 1251 hppuiei
1018 1153 1286 1250 Metamorphoses,

512 1276 693 1376 Apologiam
722 1278 835 1356 ibrida
862 1280 1040 1356 continente.

276 1456 451 1539 Postquam
480 1453 605 1518 Keilius
633 1453 887 1536 lucidentissime
916 1453 1144 1518 demonstravit
1155 1456 1192 1535 ¹),
1219 1454 1360 1517 codicem

187 1557 438 1626 Laonrentianum
464 1561 571 1646 6821)
595 1561 749 1644 optimum
774 1579 845 1624 esse
864 1561 1020 1650 omnium,
1044 1562 1099 1644 qui
1119 1566 1239 1642 extant,
1263 1560 1361 1624 hleta-

187 1671 398 1753 morphoseon
422 1668 575 1732 librorum
600 1688 699 1732 manu
723 1668 913 1750 scriptorum
933 1668 1104 1751 solumque
1113 1670 1137 1748 3)
1162 1668 1201 1730 ad
1220 1668 1361 1751 Appulei

187 1776 282 1840 verba
304 1776 501 1840 restituenda
522 1775 752 1856 adhibendum,
775 1773 927 1856 Jahnius,
955 1794 1028 1838 cum
1056 1776 1196 1858 primum
1220 1775 1360 1838 fabulam

186 1885 223 1948 de
243 1884 371 1965 Psyche
394 1890 426 1947 et
445 1882 600 1966 Cupidine
623 1884 657 1945 in
677 1881 971 1965 Metamorphoseon
996 1881 1086 1946 libris
1110 1890 1222 1964 quarto
1247 1884 1360 1965 quinto
1399 1900 1401 1904 ⁴

186 1996 276 2055 sexto
300 1996 458 2054 narratam
482 2010 565 2053 anno
591 1989 676 2053 1856
701 2009 845 2053 seorsum
871 1989 986 2068 ederet,
1009 1988 1107 2052 huius
1125 1989 1361 2053 uniuseodteis

185 2098 374 2162 lectionibus
394 2119 413 2161 a
431 2096 534 2162 Keilio
554 2098 688 2162 enotatis
707 2117 788 2161 usus
807 2103 864 2160 est.
906 2096 1005 2160 Cuius
1025 2097 1208 2180 exemplum
1230 2103 1361 2160 secutus

186 2211 355 2288 postquam
391 2204 577 2288 Kruegerus
617 2223 701 2267 anuo
740 2204 824 2268 1864
862 2205 1064 2287 apologiam,
1107 2205 1191 2266 1865
1227 2203 1361 2285 lilorida,

186 2312 324 2395 denique
342 2311 598 2394 Eyssenhardius
618 2311 828 2395 quadriennio
847 2320 920 2394 post
934 2331 1046 2374 omnes
1060 2310 1359 2394 Metamorphoseon

184 2404 282 2482 libros
318 2439 360 2482 ex
394 2419 483 2483 illius
521 2420 730 2502 manuscripti
765 2419 952 2482 auctoritate
988 2418 1102 2499 edidit,
1139 2424 1227 2482 totus
1259 2419 1360 2482 codex

184 2526 303 2610 publici
340 2527 420 2590 iuris
457 2526 561 2590 factus
598 2545 668 2591 esse
705 2526 807 2590 videri
842 2531 971 2608 poterat.
1032 2525 1092 2588 Sed
1127 2528 1183 2609 qui
1218 2526 1357 2609 Appulei

184 2633 453 2718 Metamorphoses
478 2639 509 2697 et
532 2633 719 2718 Apologiam
749 2633 905 2716 farragine
934 2633 1108 2696 lectionum
1137 2635 1296 2696 vanarum
1323 2635 1357 2696 in

184 2739 404 2803 Hildebrandii
432 2741 570 2805 editione
598 2742 701 2817 textui
727 2740 943 2805 subiectarum
975 2739 1150 2804 liberabant
1173 2739 1357 2803 Florentino

184 2847 237 2909 iilo
262 2847 371 2911 codice
395 2849 473 2930 nixi,
496 2848 599 2912 eidem
624 2849 798 2932 scripturas
821 2849 892 2912 eius
911 2847 1078 2931 permultis
1096 2847 1174 2911 locis
1193 2867 1357 2930 perperam

183 2953 413 3019 indicaverunt.
459 2955 573 3038 Neque
597 2974 672 3019 vero
696 2957 764 3039 pari
788 2955 932 3039 singulae
956 2955 1110 3019 editiones
1132 2954 1205 3018 illae
1224 2957 1358 3018 auctori-

184 3067 246 3125 tate
281 3063 366 3146 apud
401 3064 545 3126 homines
580 3063 690 3126 doctos
726 3063 886 3127 frucmtur.
945 3062 1027 3125 Nam
1059 3073 1095 3125 ut
1129 3061 1358 3143 Eyssenhardii

181 3165 416 3253 neglegentiam
459 3171 585 3254 saepius
626 3170 813 3254 reprehendi
823 3171 864 3252 4),
904 3170 949 3233 ita
984 3169 1094 3233 Jahnii
1134 3170 1357 3253 imprimisque

273 3365 299 3430 1)
317 3363 349 3418 In
368 3363 444 3433 libro,
463 3365 511 3434 qui
529 3364 686 3420 inscribitur
704 3365 905 3420 macerationes
924 3365 1037 3418 criticae
1056 3365 1088 3416 o'm
1109 3363 1224 3418 Catonis
1243 3370 1269 3418 et
1289 3364 1357 3417 Vor-

182 3454 262 3506 oonie
280 3453 487 3508 decernentem
506 3455 590 3522 libros
610 3454 678 3509 1849
698 3473 723 3524 p.
744 3456 857 3510 77-81.

273 3544 299 3611 2)
319 3543 413 3598 Solent
424 3544 548 3599 homines
562 3544 633 3598 docti
644 3544 717 3598 hunc
732 3545 851 3601 codicem
866 3544 957 3599 littera
970 3544 999 3612 F,
1015 3543 1135 3598 codicem
1146 3538 1356 3598 laurentianum

181 3632 244 3701 2112
263 3633 326 3686 inde
345 3634 519 3703 descriptum,
540 3634 572 3688 de
592 3650 643 3703 quo
663 3635 732 3689 inira
748 3635 840 3704 paucis
855 3634 1031 3702 disseremus,
1046 3632 1137 3688 littera
1154 3649 1177 3704 cp
1197 3633 1356 3702 significare.

272 3723 378 3791 3111111
406 3725 491 3794 quod,
517 3723 673 3794 ubicunque
701 3725 817 3794 genuina
842 3723 921 3779 lectio
949 3723 1070 3793 dignosci
1101 3739 1154 3776 non
1182 3724 1235 3778 iam
1260 3727 1355 3792 potest.

181 3813 351 3881 apographon
369 3814 430 3869 eius
449 3829 472 3883 φ
490 3814 519 3867 in
537 3813 672 3869 auxilium
691 3816 842 3869 vocandum
861 3817 910 3868 est.

271 3903 298 3971 4)
318 3903 356 3958 Of.
376 3903 429 3957 8-
449 3905 477 3956 in
496 3904 600 3972 ephem.
616 3903 829 3972 phiioiopc'seioer
847 3903 982 3972 Anaeipeo·
1001 3919 1024 3957 a.
1041 3902 1118 3971 1871,
1137 3921 1163 3970 p.
1180 3903 1243 3970 1973
1263 3904 1356 3974 Haup-

182 3992 251 4044 tium
278 3992 307 4046 in
335 3992 450 4052 Hermon
478 4010 501 4048 a.
527 3992 609 4062 1872,
638 4011 663 4061 p.
689 3993 754 4061 2603
782 3993 944 4047 Bursiuuum
971 3993 999 4045 in
1030 3992 1279 4060 Sitaumpebeoiehte
1308 3995 1356 4048 den

181 4080 355 4134 Miiuchemeo·
373 4082 520 4137 Academia
538 4099 561 4137 a.
583 4082 649 4137 1881
671 4085 734 4138 tom.
754 4083 805 4152 Ip.
824 4083 887 4148 1193
907 4084 1000 4138 contra
1013 4081 1046 4135 H.
1062 4081 1198 4135 Beckorus
1213 4083 1240 4134 in
1255 4084 1356 4137 stecdiis

181 4171 368 4238 Appuleiomo'o
387 4173 464 4242 (diss.
478 4171 581 4241 Regim.
601 4171 729 4242 111879),
749 4191 774 4242 p.
789 4171 807 4226 8
821 4176 848 4226 et
862 4170 999 4226 Koziolius
1018 4171 1047 4224 in
1064 4170 1226 4237 Zeitsehoe'st
1243 4172 1293 4237 fiio·
1312 4172 1356 4228 die

180 4261 422 4316 boteoneicho'eohem
443 4262 616 4331 Gymnoso'em
635 4278 658 4317 a.
677 4261 744 4318 1870
763 4261 991 4333 Eyssenhardium
1011 4262 1174 4331 praedicant.
