3044 4756
664 251 771 312 -7
821 290 865 311 -,

176 455 240 498 non
260 432 490 497 contemnendo
509 431 666 515 profectae
691 436 805 512 essent,
829 437 861 494 et
881 431 1053 515 Apologiae
1077 437 1108 495 et
1127 430 1264 494 Floridis
1285 451 1349 494 una
1370 454 1374 461 ·

175 564 247 606 cum
273 542 462 604 Visentinac
485 538 589 602 verbis
614 537 815 602 subscribere
839 558 901 602 non
927 537 1093 602 dubitavit.
1139 537 1349 622 Repugnabat

175 650 263 713 solus
287 649 463 732 Sauppius,
491 647 546 730 qui
575 646 608 708 in
632 663 767 709 censura
790 644 980 728 Apologiae,
1008 645 1122 710 deinde
1145 645 1347 710 blandorum

175 757 235 821 sibi
259 775 448 839 persuasum
473 772 543 817 esse
566 750 752 832 affirmabat,
776 752 990 836 discrepantes
1011 753 1082 816 illas
1106 774 1124 818 a
1147 753 1172 817 F
1195 753 1348 817 lectiones

176 885 240 928 non
269 863 404 927 fluxisse
432 881 449 924 a
472 860 580 925 codice
603 858 629 922 Il
652 859 828 939 simillime,
856 859 911 923 sed
934 859 1119 924 tribuendas
1143 860 1277 924 Victorii
1300 861 1348 923 in-

177 972 292 1050 curiae,
316 987 397 1052 quae
417 967 546 1051 quidem
571 967 647 1030 satis
671 968 904 1050 perspiceretur
927 969 960 1030 in
980 967 1169 1032 lectionibus
1187 970 1285 1032 variis
1309 968 1347 1030 ad

177 1077 273 1140 Taciti
306 1075 406 1139 libros
438 1094 478 1138 ex
513 1074 625 1138 eodem
658 1075 765 1137 codice
798 1095 816 1137 a
846 1074 987 1138 Victorio
1021 1077 1188 1159 excerptis.
1247 1075 1349 1139 Ceteri

176 1184 321 1247 homines
357 1183 441 1246 docti
478 1201 552 1245 cnm
587 1200 693 1264 neque
724 1181 862 1245 refutare
895 1202 1000 1266 neque
1034 1182 1222 1246 confirmare
1255 1184 1349 1246 certis

174 1293 370 1376 argumentis
398 1289 449 1354 vel
473 1288 629 1370 Kruegeri
658 1289 708 1352 vel
732 1274 862 1373 Sauppii
892 1292 1081 1354 sententiam
1111 1297 1254 1373 possent,
1282 1310 1347 1353 rem

175 1402 206 1462 in
237 1399 339 1463 medio
368 1397 581 1480 reliquerunt,
615 1416 809 1479 quamquam
839 1395 1024 1480 Kruegerus
1056 1399 1157 1481 ipset)
1193 1399 1348 1481 suspicari

176 1526 244 1571 sese
268 1504 432 1569 nonnullis
450 1505 528 1568 locis
548 1503 701 1568 Muellero
724 1503 820 1567 fidem
842 1504 1066 1568 detrahendam
1091 1524 1162 1569 esse
1185 1505 1349 1588 professus

177 1620 256 1692 erat,
288 1631 370 1696 quae
398 1611 623 1693 dubitationes,
654 1613 680 1675 si
710 1631 763 1676 aas
790 1613 875 1675 iusta
903 1631 980 1674 cura
1010 1614 1183 1695 pensitatas
1211 1612 1349 1695 amplius

177 1723 324 1804 persequi
353 1719 522 1801 voluisset,
554 1737 629 1783 eum
659 1719 749 1783 facile
781 1725 871 1782 erant
898 1738 934 1782 eo
959 1719 1152 1783 deducturae
1180 1720 1350 1802 opinioniS,

177 1835 212 1891 ut
229 1848 301 1890 cram
312 1826 459 1892 Muelleri
476 1826 539 1891 fida
559 1827 731 1910 scripturas
745 1827 816 1889 illas
834 1826 1035 1890 Victorianas
1053 1826 1198 1890 abiceret.
1224 1825 1349 1901 Quanta

177 1942 282 1999 antem
310 1935 509 2019 neglegentia
532 1933 706 1998 Muellerus
731 1933 872 1997 codicem
896 1933 921 1996 F
940 1939 1163 2016 comparasset,
1187 1954 1261 1997 cnm
1285 1936 1348 1998 iam

175 2062 212 2106 eo
238 2050 389 2126 tempore,
412 2062 476 2126 quo
501 2041 780 2106 exercitationibus
804 2042 965 2104 seminarii
988 2040 1173 2125 philologici
1193 2043 1347 2106 universi·

175 2152 249 2214 tatis
277 2150 430 2234 Georgiae
455 2153 626 2234 ¹Augustae
650 2150 759 2214 Carolo
784 2147 932 2231 Dilthayo
962 2150 1090 2233 auspice
1118 2150 1273 2212 institutis
1301 2151 1349 2212 in-

176 2263 318 2339 tereram,
346 2258 503 2342 exemplis
528 2257 720 2341 quibusdam
745 2258 975 2340 cognovissem,
998 2275 1086 2319 nunc
1111 2257 1250 2337 demum,
1274 2276 1348 2320 cnm

176 2370 261 2427 certo
300 2365 496 2429 diiudicandi
535 2383 728 2448 omnemque
768 2365 989 2447 quaestionem
1031 2363 1218 2427 absolvendi
1256 2363 1350 2447 plena

175 2473 309 2536 facultas
340 2474 418 2536 mihi
447 2473 520 2537 data
542 2478 634 2554 esset,
661 2472 755 2556 plane
780 2473 936 2555 perspexi.
983 2471 1137 2534 Permisit
1160 2472 1244 2534 enim
1272 2473 1348 2535 mihi
1431 2509 1432 2512 =

175 2579 356 2662 Diltheyus,
370 2602 435 2664 qua
448 2581 599 2664 prosequi
614 2580 694 2644 solet
702 2579 877 2663 discipulos
893 2599 969 2642 suos
984 2580 1104 2661 insigni
1119 2579 1349 2656 benevolentia,

176 2688 256 2751 daras
280 2688 474 2770 collationes,
499 2707 636 2771 quarum
659 2687 789 2751 alteram
813 2708 832 2749 a
855 2685 1134 2769 Luetjohannc,
1157 2687 1286 2750 homine
1310 2687 1349 2750 de
1451 2774 1457 2784 ι

175 2796 336 2878 Appuleio
360 2797 579 2873 meritissimo,
602 2800 674 2878 post
696 2794 926 2875 Eyssenhardii
950 2802 981 2857 et
1004 2792 1161 2877 Kruegeri
1192 2794 1348 2858 editiones

175 2903 413 2966 accuratissime
426 2902 599 2966 confectam
612 2901 650 2964 ab
661 2900 890 2983 Luetjohannis
903 2908 1104 2984 praematura
1116 2906 1216 2966 morte
1229 2901 1348 2985 abrepti

175 3010 344 3075 heredibus
368 3012 617 3094 conquisiverat,
641 3008 769 3072 alteram
791 3009 866 3072 olim
892 3031 909 3071 a
929 2990 1198 3090 Wilmannsio,
1221 3009 1348 3072 homine

176 3118 207 3179 in
242 3117 330 3182 libris
363 3137 462 3181 manu
496 3118 620 3201 scriptis
653 3117 853 3180 excutiendis
886 3136 951 3179 non
985 3117 1183 3179 mediocriter
1214 3122 1349 3193 versato,

175 3225 206 3286 in
236 3223 346 3288 Jahnii
379 3245 476 3288 usum
509 3224 622 3289 iactam
656 3224 793 3287 Adolfns
827 3223 992 3287 Michaelis
1016 3222 1166 3305 Dilthayo
1195 3224 1348 3288 utendam

176 3333 343 3396 concessit.

264 3439 326 3503 His
349 3440 437 3504 libris
462 3439 610 3503 adhibitis
630 3445 666 3502 nt
684 3438 891 3502 dubitationis
909 3438 1004 3521 longe
1023 3440 1164 3501 maxima
1182 3458 1255 3521 pars
1274 3438 1348 3502 sub·

176 3548 238 3610 lata
257 3554 314 3627 est,
332 3547 376 3611 ita
394 3553 616 3611 remanserunt
635 3548 711 3610 satis
732 3546 840 3629 multa,
863 3565 945 3629 qnae
965 3545 1126 3628 quomodo
1146 3545 1348 3628 explicarem,

175 3657 316 3718 incertus
334 3655 508 3719 haerebam.
556 3654 669 3737 Itaque
689 3652 880 3717 Monacense
899 3653 979 3716 illud
998 3652 1145 3716 editionis
1160 3653 1348 3717 Vicentinae

176 3763 361 3846 exemplum
377 3764 485 3846 ipsum
496 3765 518 3844 l)
535 3761 718 3827 adeundum
736 3781 806 3826 esse
823 3762 1015 3845 putavi,iam
1034 3761 1127 3824 etiam
1141 3760 1180 3823 de
1191 3759 1348 3844 Kruegeri

174 3870 237 3934 fide
253 3869 401 3934 dubitans
416 3871 466 3933 vel
480 3871 587 3954 potius
604 3870 782 3953 desperans.
812 3869 926 3952 Neque
941 3868 1093 3952 deceptus
1106 3887 1178 3931 sum
1190 3869 1346 3951 opinione.

266 4139 291 4206 1)
310 4138 343 4190 In
361 4137 523 4206 praefatione
542 4109 674 4190 editionis
688 4152 752 4190 suae
771 4153 796 4204 p.
816 4135 851 4189 X.

265 4228 292 4296 2)
310 4227 385 4281 Usus
406 4227 487 4280 etiam
511 4243 571 4280 sum
597 4225 740 4280 collatione
758 4225 873 4280 Victorii
896 4225 1098 4279 adnotationum
1125 4241 1141 4278 a
1163 4224 1346 4293 Luatjohanna

174 4318 253 4386 lacta,
273 4333 355 4386 quarn
374 4333 479 4371 mecum
499 4317 612 4386 benigne
631 4316 876 4371 communicaverat
893 4315 1047 4384 Dilthayus.
