3044 4756
649 223 863 282 „54-

170 401 324 464 contineri
340 401 454 463 voluit:
471 423 547 480 nme
556 423 594 463 m
604 398 732 462 nrrdiere
743 399 910 461 nimiietum
923 400 1014 463 immo
1023 399 1212 479 srmpdieiron
1223 420 1318 461 suine.
1326 403 1348 478 ¹)

171 508 232 571 Sed
258 509 445 590 quicunque
465 507 541 570 haee
560 507 658 570 verba
675 507 760 589 legit,
783 508 853 569 sine
872 505 1077 587 dubitatione,
1101 526 1174 568 cum
1201 507 1349 589 proxime

170 614 336 698 praecedat
356 613 457 677 inmun
469 614 648 694 porripens,
667 614 707 676 ad
726 615 951 696 imperativum
962 635 1038 692 eope
1056 614 1168 677 referet
1186 612 1345 676 obiectum

171 722 327 805 participii
360 721 545 802 poeninen&
580 730 741 804 praeterea
771 739 835 782 vox
874 739 956 803 quae
989 729 1037 783 est
1069 720 1209 783 rindietu
1242 721 1349 803 aptius

172 828 329 892 subicitur
345 828 441 891 verbo
457 827 618 908 sumendi,
638 833 673 890 ut
692 827 770 890 alter
788 827 997 910 imperativus
1008 848 1085 906 eope
1102 828 1188 890 iners
1206 827 1349 910 pendeat.

172 939 279 1019 Atque
309 936 351 998 ita
380 936 406 998 si
432 934 526 998 verba
556 936 789 1014 construimus,
819 936 1004 998 concinnior
1033 940 1063 998 et
1087 934 1223 996 vividior
1250 936 1349 996 oratio

173 1043 331 1126 prmtcdct:
362 1064 437 1122 cripe
466 1043 569 1123 inquit
599 1063 653 1106 cro
680 1046 707 1105 n
730 1048 767 1107 ct
791 1060 842 1106 ese
869 1042 998 1121 perfidu
1027 1040 1154 1105 midiere
1180 1041 1351 1105 vindictum

173 1149 265 1212 *imnn
295 1170 365 1213 vcro
395 1149 465 1213 licet
496 1150 600 1213 ninivis
632 1149 762 1229 quodvis
793 1148 984 1229 srnmiieinm
1011 1169 1106 1212 sitnm.
1153 1149 1272 1211 Similis
1303 1156 1352 1212 est

173 1257 274 1320 forma
298 1256 449 1319 orationis
473 1255 546 1319 Met.
568 1257 684 1336 111,14
698 1261 842 1336 porrecto
860 1255 1035 1319 ambrosiae
1048 1254 1160 1335 pociolo
1176 1255 1284 1335 ‘sume
1304 1257 1352 1319 in-

173 1364 248 1443 quit,
283 1362 400 1444 Psyche
432 1368 459 1426 et
491 1362 677 1426 immortalis
709 1364 787 1426 esto.
835 1362 1015 1445 Comparari
1043 1370 1181 1445 possunt
1212 1362 1245 1425 hi
1274 1362 1350 1426 loci:

176 1469 248 1534 not.
263 1472 356 1552 107,ss
376 1491 462 1534 stirne
483 1471 574 1533 istum
587 1470 739 1552 pyniriem
759 1508 798 1515 —
815 1474 844 1533 et
861 1470 944 1533 nam
956 1509 994 1515 —
1008 1490 1086 1553 sqq.;
1112 1470 1196 1553 Apol
1218 1471 1350 1550 102,15;

178 1577 301 1659 lione.
1088 1616 1092 1623 =

266 1683 498 1765 metuantur,
511 1686 573 1764 22).
599 1683 748 1748 Sieincr
771 1685 891 1747 menie
911 1705 932 1747 n
952 1683 1070 1764 litent-is
1090 1675 1233 1749 conseruo
1256 1684 1350 1748 ibes-

174 1789 261 1868 sntis,
285 1789 382 1854 bnnc
403 1790 507 1855 (ditem
525 1791 645 1872 tbctiim
664 1791 716 1855 nin
735 1812 894 1872 pomerum,
919 1791 1022 1855 videbo
1041 1791 1191 1871 qimitdo?
1219 1792 1272 1855 Sic
1291 1791 1352 1869 ua.

177 1896 456 1981 liuetjobannesff)
482 1905 518 1962 ut
542 1901 695 1979 omittam,
720 1919 802 1982 quae
828 1905 920 1963 antea
944 1899 1089 1963 homines
1109 1899 1194 1962 docti
1213 1898 1264 1962 vei
1287 1901 1353 1982 pei·

176 2006 238 2068 oris
276 2012 369 2069 notae
402 2005 564 2070 codicibus
601 2007 723 2089 decepti
752 2006 801 2068 vel
837 2006 875 2068 de
917 2007 1092 2069 sententiae
1125 2007 1247 2069 ratione
1280 2005 1354 2069 falsi

175 2118 348 2193 tentarunt,
367 2113 568 2176 scribendum
588 2133 657 2176 esse
677 2119 768 2176 acute
788 2114 935 2176 coniecit:
959 2134 1049 2193 qnem
1067 2113 1113 2176 sic
1131 2113 1281 2176 inermem
1299 2113 1354 2176 oin

176 2240 197 2282 n
217 2218 335 2300 timidis
359 2241 501 2283 contemno
524 2220 688 2298 ibessnb's,
712 2220 795 2284 brine
814 2219 919 2284 (alitem
941 2220 1061 2301 factum
1084 2240 1152 2303 sqq.
1161 2223 1186 2300 ³)
1229 2221 1281 2284 Sic
1300 2241 1353 2304 ap-

176 2327 332 2390 tissimam
362 2327 443 2390 effici
468 2330 691 2408 sententiam4)
720 2328 921 2410 formamque
945 2329 1116 2408 enuntiati,
1145 2334 1266 2391 eertum
1296 2336 1352 2391 est.

177 2433 238 2497 Sed
264 2435 426 2517 quoniam,
450 2455 508 2499 cur
532 2435 723 2499 vocabulum
748 2456 838 2514 oriem
860 2436 1002 2517 perierit,
1026 2435 1116 2497 nulla
1139 2455 1236 2498 causa
1259 2455 1354 2498 exeo·

176 2541 268 2621 gitari
291 2547 405 2623 potest,
423 2542 627 2625 praeferenda
642 2544 719 2605 mihi
736 2542 863 2605 videtur
878 2543 1042 2624 scriptura,
1062 2562 1159 2625 quam
1178 2543 1354 2605 mutatione

178 2647 340 2729 eliquanto
365 2648 484 2713 leniore
504 2651 626 2713 restitui
647 2650 729 2713 inme
753 2651 786 2712 in
806 2653 880 2712 trine
899 2649 1070 2731 corrigens
1094 2655 1131 2711 ut
1154 2649 1232 2712 haee
1251 2669 1354 2712 enun-

178 2755 244 2817 tiati
269 2754 370 2818 forma
403 2758 562 2839 procedat:
591 2758 655 2823 stc
678 2761 890 2821 ‘inermem
913 2757 988 2820 nim
1019 2777 1039 2818 u
1063 2755 1182 2836 trepidis
1206 2777 1350 2821 conservo

270 2936 296 2999 1)
316 2934 374 2989 Hoc
393 2934 455 2987 inde
478 2938 600 3003 apparet,
627 2936 698 3004 quod
722 2935 739 2989 i.
761 2952 782 2988 e.
803 2933 885 2986 verba
904 2933 942 2986 sio
961 2933 1072 3000 excitat,
1092 2950 1166 3002 eope,
1185 2934 1285 3002 inquit,
1305 2950 1354 2986 oro
1448 2961 1450 2966 Α

179 3040 212 3077 en
227 3023 337 3091 perfidu
356 3023 469 3077 innitere
490 3023 646 3077 rindictmn.

270 3113 296 3183 2)
316 3114 345 3167 ln
370 3113 436 3168 actis
461 3129 513 3168 soe.
534 3113 598 3182 phil.
618 3114 690 3182 Lips.
711 3113 761 3180 111,
787 3130 810 3180 p.
826 3113 886 3166 473.
920 3111 1053 3182 Effugisse
1073 3128 1133 3165 eum
1152 3113 1273 3180 videtur⁷
1300 3113 1354 3166 iam

180 3203 396 3258 tioldbnohorum
418 3204 446 3256 in
466 3203 492 3256 Z.
513 3203 530 3257 f.
551 3203 575 3256 d.
593 3206 616 3258 ii.
633 3203 663 3256 G.
683 3220 705 3257 a.
723 3201 791 3258 1868
806 3202 889 3255 verba
903 3204 975 3255 reete
990 3202 1150 3255 discrevisse
1163 3201 1203 3254 sie
1217 3202 1355 3256 inermem.

269 3293 296 3363 3)
317 3295 419 3347 Attene
438 3309 491 3347 non
509 3292 628 3347 alienum
648 3292 761 3359 videtur,
782 3291 886 3360 quael.
907 3308 930 3346 o.
951 3291 1058 3345 disserit
1076 3291 1287 3360 Luetjohannes:
1314 3309 1355 3345 mo

180 3383 232 3436 solt
255 3383 299 3436 iob
322 3382 390 3449 den,
414 3383 532 3436 meicben
556 3382 600 3434 ῐοῙι
619 3381 704 3435 sebon
722 3398 762 3448 so,
786 3398 827 3434 roo
851 3397 880 3434 er·
899 3381 969 3434 nocie
990 3382 1065 3434 nieirt
1082 3381 1132 3434 mit
1149 3380 1272 3449 Ftdpein
1290 3397 1355 3435 nens·

179 3478 301 3542 perirent
319 3473 368 3538 ist,
393 3472 476 3525 barem
499 3488 547 3524 eor
566 3472 619 3524 den
639 3472 833 3525 thesseliscben
852 3471 977 3524 Weibern
995 3471 1069 3536 brito,
1088 3470 1204 3536 srrcben,
1227 3487 1308 3522 menn
1327 3486 1356 3523 er·

181 3568 237 3617 erut
256 3563 286 3616 in·
305 3562 386 3615 einen
402 3562 482 3630 Γαμεῖ
503 3562 668 3614 remrnndett
681 3559 739 3616 ist?
767 3561 852 3614 Denn
872 3561 955 3613 —sio
976 3559 1062 3628 pergit
1073 3590 1104 3596 —
1120 3559 1187 3612 dosa
1207 3559 1258 3611 dus
1272 3561 1356 3613 reneb-

182 3651 339 3706 dritcbiicin
359 3648 451 3704 ‘inme'
474 3651 519 3704 ein
550 3650 678 3718 n'bm'pens
699 3651 786 3719 prode
814 3651 845 3702 in
869 3665 981 3702 inmerm
1004 3649 1218 3716 Apnmteinstent
1245 3651 1357 3716 uftnmts

180 3741 384 3810 orrspetiilten-eu
398 3740 553 3794 Retrrtirnm
571 3739 719 3807 erfordem,
739 3740 830 3792 rior-on
848 3739 898 3792 ient
917 3740 987 3793 retich
1005 3739 1051 3793 ein
1065 3739 1184 3792 Fiennd
1201 3739 1357 3809 aibernenpt,

183 3832 230 3885 mit
253 3829 313 3883 dem
337 3830 378 3883 iob
399 3830 470 3883 diere
490 3830 572 3883 Seue
591 3830 663 3883 einst
681 3845 777 3897 erroop.
816 3828 879 3881 Dus
897 3845 937 3880 an
955 3828 1012 3881 sieb
1034 3829 1209 3882 nmenrttcne
1227 3830 1357 3883 inermem

181 3920 291 3988 eriunpt
323 3919 408 3973 dende
433 3920 477 3972 iub
500 3919 588 3972 decreti
613 3919 666 3972 den
693 3911 847 3987 Gepensutz
876 3918 968 3970 alitem
995 3919 1103 3984 foetrnn
1127 3918 1187 3971 eine
1208 3919 1358 3988 penripend

177 4014 354 4078 pruepnnnte
372 4008 547 4078 Bedeutuup.

271 4099 298 4151 u
326 4097 406 4152 Nune
435 4098 479 4150 rix
509 4115 603 4152 cavere
633 4115 755 4167 possum,
789 4116 821 4151 ne
854 4103 880 4150 te
913 4098 1032 4152 alliciant
1060 4101 1219 4166 teneantque
1252 4098 1357 4152 artibus

182 4187 294 4258 magicis
314 4187 426 4241 tornines
445 4187 613 4244 libidinosae,
641 4191 705 4241 tunc
724 4188 775 4242 alis
793 4188 944 4241 instructus
967 4190 1038 4242 corte
1061 4205 1104 4242 me
1123 4189 1230 4242 deseres
1249 4188 1357 4243 illarum

184 4276 317 4334 illecebris
336 4282 439 4346 captus.
