3044 4756
650 233 870 292 -52-

168 430 253 472 ruam
280 429 356 473 vero
381 410 464 472 hano
493 410 680 473 veteriorem
711 428 748 470 eo
778 409 887 471 minus
917 408 1025 471 dubito
1056 412 1233 492 restituere,
1261 413 1351 494 quod

170 523 258 580 totns
283 517 372 580 loeus
396 516 631 599 quodammodo
656 515 921 579 consuetudinem
945 518 1123 580 remotioris
1149 520 1351 603 antiquitatis

170 624 303 704 redolet,
332 625 426 686 euius
456 630 552 687 tenax
581 623 643 686 fuit
675 623 785 706 lingua
813 623 961 706 vulgaris
1013 622 1140 686 Etenim
1169 626 1263 688 neiter
1295 626 1350 689 hie

171 731 277 793 solum
307 729 346 793 ab
370 731 529 814 Appuleio
559 732 764 813 usurpatur¹)
795 735 826 792 et
852 731 1030 813 imperativi
1058 730 1160 793 forma
1186 732 1349 812 profers&

170 838 273 900 aliena
297 845 345 900 est
368 858 387 901 a
410 843 588 900 oeterorum
614 839 803 920 scriptorum
829 856 984 900 sermone.

259 944 332 1009 Met.
349 945 442 1025 2617
461 945 513 1026 (II,
532 946 593 1029 14).
619 943 705 1007 Num
724 948 752 1006 et
769 944 884 1006 nanis
904 944 987 1022 ipsa
1006 943 1228 1007 vehebantur
1246 946 1349 1008 uariis

170 1051 347 1115 turbinibus
373 1051 582 1132 querellarum
610 1055 764 1131 quassata
791 1055 922 1130 utroque
945 1050 1094 1131 repirrrtne
1116 1052 1234 1115 uniisse
1258 1073 1350 1133 aepre

170 1160 213 1221 ud
235 1158 394 1222 rdterioris
417 1160 508 1238 ripae
530 1159 704 1239 ruarpinene
727 1158 854 1220 detrusa
873 1177 1024 1237 praeceps
1047 1158 1188 1223 demersa
1211 1164 1256 1221 est
1277 1180 1348 1243 sqq.

170 1266 258 1328 Haeo
289 1268 322 1328 in
357 1266 465 1328 codiee
494 1266 526 1329 F.
578 1265 761 1329 Orationem
795 1265 935 1327 hiantem
964 1265 1175 1329 emendarunt
1203 1267 1349 1331 homines

171 1375 253 1435 docti
278 1373 327 1434 vel
352 1394 416 1453 qua
438 1375 489 1436 vel
512 1375 547 1436 in
571 1393 635 1452 qua
658 1372 827 1435 inserendo
857 1372 908 1435 vel
932 1392 989 1454 pro
1017 1371 1090 1450 ⁴ipsa
1114 1373 1347 1437 substituentes

143 1490 145 1494 ’
170 1481 206 1542 iu
224 1482 332 1560 quui)
366 1479 444 1541 Mihi
464 1479 550 1542 aliud
571 1481 709 1543 venitin
729 1485 879 1560 mentem,
899 1479 985 1562 quod
1005 1478 1135 1542 illorum
1155 1482 1347 1544 coniecturis

171 1587 411 1669 praeferendum
441 1606 511 1649 esse
539 1592 657 1670 putem.
704 1587 830 1649 Etenim
861 1606 932 1648 oum
964 1586 1160 1669 Appuleium
1190 1589 1222 1650 in
1248 1587 1346 1651 Meta·

171 1695 381 1777 morphoseon
398 1693 487 1756 libris
502 1694 729 1777 componendis
745 1700 868 1776 praeter
882 1694 1025 1776 linguam
1037 1693 1239 1758 cottidianam
1251 1696 1346 1758 etiam

171 1803 370 1884 antiquitatis
391 1802 540 1864 duritiam
562 1802 667 1865 studio
687 1802 890 1864 arcessivisse
914 1803 1083 1880 constan),
1100 1820 1164 1863 non
1185 1802 1347 1883 timemus,

172 1929 212 1972 ne
236 1910 404 1972 videamur
426 1910 523 1971 nimis
543 1908 677 1971 andnoes
697 1927 777 1988 esse,
801 1928 873 1970 oum
894 1907 1092 1989 Appuleium
1111 1909 1145 1969 in
1164 1909 1223 1970 hoo
1243 1928 1345 1971 enun-

171 2017 247 2079 tiato
276 2016 502 2079 conformando
532 2015 638 2078 Plauti
669 2015 778 2077 loeum
802 2016 963 2077 imitatum
988 2034 1058 2077 esse
1082 2016 1170 2094 rati⁵l
1200 2018 1246 2078 sio
1270 2018 1345 2078 seri-

170 2123 291 2185 bimus:
319 2143 404 2185 nuru
428 2127 461 2186 et
486 2124 613 2187 nanis
635 2124 751 2201 ipsu,
774 2122 883 2201 ubil)
907 2121 1161 2186 vehebamur·
1185 2143 1253 2205 sqq.
1301 2123 1345 2185 of.

171 2230 276 2292 Plauti
301 2230 364 2292 mil.
385 2231 415 2311 2,
446 2235 473 2310 1,
497 2230 539 2292 40
573 2229 730 2309 eupiunt
746 2229 959 2308 praedones
981 2250 1109 2293 narrent
1136 2229 1258 2306 illane,
1282 2229 1346 2292 uiri

169 2341 298 2400 rectus
320 2337 388 2416 fui.
631 2401 632 2404 ,

263 2443 334 2507 Met.
360 2444 456 2525 35,14
488 2444 547 2525 (ΙΙ,
576 2446 637 2524 27).
689 2442 743 2509 Sie
770 2442 821 2505 iile
848 2443 952 2511 senior
982 2443 1193 2508 innuntalriies
1221 2448 1346 2523 qrnstus

170 2550 336 2631 3619111136
352 2551 548 2632 instrepebat.
591 2551 717 2617 Suerire
731 2549 841 2630 rrelpus
860 2551 1016 2614 interdum
1032 2556 1058 2614 et
1074 2552 1153 2631 friati
1166 2551 1345 2614 uerisimili-

171 2660 280 2722 tudine
303 2660 346 2722 ud
368 2659 512 2722 erirninr's
535 2658 747 2723 eredulitatem
770 2658 835 2740 (Fa
860 2677 1021 2740 perperam
1047 2658 1270 2737 crudelitatem)
1288 2659 1345 2720 irn-

166 2765 252 2846 nellt.
275 2765 480 2830 Conclamant
496 2767 608 2846 ipnern,
626 2766 793 2845 requirnnt
809 2786 901 2846 suaa,
920 2764 1105 2844 paruulos
1124 2766 1172 2827 ad
1189 2765 1344 2828 emittunt

263 2926 287 2993 1)
308 2925 417 2980 Praeter
440 2924 604 2992 Appuleium
630 2925 701 2991 apud
726 2923 849 2976 Servium
878 2922 964 2976 solum
993 2922 1092 2991 legitur
1116 2927 1184 2977 teste
1208 2923 1346 2977 Wiilftlino

172 3016 277 3079 (lertein.
297 3014 358 3067 und
376 3030 441 3068 reru.
462 3014 654 3080 comparatiou
673 3031 697 3081 p.
718 3012 771 3080 64),
791 3012 848 3080 ipse
867 3012 957 3067 loounr
977 3030 1029 3066 non
1048 3013 1149 3066 inveni.

261 3105 288 3172 2)
307 3104 347 3156 De
367 3120 420 3172 qua
439 3103 501 3156 vide
520 3103 737 3170 Petschenigium
757 3103 784 3154 in
809 3102 920 3154 Wiener
941 3101 1060 3156 Studien
1079 3120 1101 3157 a.
1124 3102 1205 3169 1882,
1235 3120 1258 3171 p.
1281 3103 1345 3169 1023

171 3195 310 3246 invenitur
328 3193 409 3246 etiam
428 3192 491 3246 Met.
511 3192 546 3260 H,
566 3194 582 3246 6
601 3191 713 3257 aufer·a;
732 3191 779 3248 Vl.
801 3192 833 3244 13
853 3191 957 3258 desum
985 3191 1020 3257 X,
1042 3193 1075 3245 16
1094 3192 1185 3257 effera

261 3284 288 3351 3)
312 3282 356 3336 Sie
367 3281 517 3336 Bursiauus
528 3283 555 3335 in
568 3280 816 3354 Siteunpaberiette
827 3279 875 3333 der
885 3280 1059 3334 Miiuelreuer
1070 3280 1217 3333 Alenderur'e
1230 3297 1253 3334 a.
1268 3280 1343 3335 1881.

172 3371 295 3425 Sittolius
317 3372 345 3423 in
365 3370 491 3424 Bursiani
510 3369 716 3423 Juirreaberieltt
734 3369 799 3438 quid
819 3371 933 3424 senserit
956 3371 988 3424 de
1012 3370 1062 3423 hae
1082 3370 1244 3436 coniectura,
1264 3372 1342 3425 tacet.

261 3461 289 3526 4)
309 3461 348 3514 Gt.
368 3460 516 3526 Pieohotta,
536 3476 621 3512 ererae
638 3459 815 3525 Apuleianae
833 3460 907 3528 (dise.
928 3459 1073 3513 Vratislav.
1094 3476 1116 3513 a.
1138 3459 1225 3528 1883).

263 3550 290 3617 ir)
309 3549 402 3603 Simile
428 3549 529 3618 aliquid
554 3548 758 3602 observavimus
783 3566 807 3617 p.
827 3550 862 3601 44
880 3549 961 3602 huius
985 3550 1224 3625 eonunentationis.
1263 3550 1346 3603 Cuius

172 3640 299 3694 momenti
319 3640 353 3694 sit
372 3639 520 3692 similitudo
540 3637 723 3706 Appuleianae
741 3637 885 3692 locutionis
904 3655 968 3691 oum
988 3638 1123 3692 Plautinis
1148 3639 1252 3707 verbis,
1272 3642 1345 3693 reete

174 3731 285 3798 exponit
294 3727 434 3783 Koaiolius
444 3728 470 3780 in
480 3729 675 3797 programmate
690 3744 779 3796 gymn.
793 3727 979 3796 leopoldstad.
1000 3728 1115 3782 Vindoh.
1134 3744 1157 3782 a.
1175 3728 1251 3797 1869,
1271 3746 1296 3797 p.
1311 3730 1346 3782 43

174 3820 218 3872 his
238 3819 338 3872 verbis:
358 3817 401 3870 die
421 3816 553 3869 Kornilcer
571 3816 660 3870 trohen
677 3832 731 3884 par
749 3817 876 3870 menelaos
895 3815 1169 3869 damnarintque
1189 3818 1247 3870 (iera
1265 3819 1345 3885 Apu-

166 3909 244 3967 ,leiue
268 3909 357 3961 leilreu
375 3914 499 3973 missen,
523 3923 551 3960 ea
569 3907 605 3959 iet
624 3906 724 3959 darum
743 3906 803 3959 eine
821 3906 940 3974 arralnpe
960 3906 1042 3959 dieite
1060 3923 1115 3958 ron
1134 3891 1272 3974 (loquetur
1290 3908 1345 3960 Be·

166 3997 317 4070 ..naara-an
334 3998 385 4063 fiir
403 4013 510 4056 urerern
529 3997 629 4049 Autor.

167 4152 171 4159 .
263 4107 290 4175 6)
311 4107 474 4174 Compendio
503 4104 662 4173 exprimitur
690 4103 752 4156 hoe:
776 4080 804 4170 d,
829 4103 899 4170 quod
923 4102 1002 4155 furile
1021 4106 1081 4156 arrto
1109 4103 1276 4156 uelreluunur
1299 4121 1345 4156 ex·

174 4196 262 4249 ridere
280 4199 393 4264 poterat.

265 4287 291 4352 7)
311 4288 353 4337 An
373 4283 591 4348 eunrpetoribus
610 4283 758 4335 editoribus
777 4282 920 4350 legendum
940 4285 981 4336 est
1000 4283 1163 4350 eirryultiur?
