3044 4756
685 173 902 283 -422-

254 402 347 482 9l,l‘i
372 399 595 475 F'iraeclroues,
619 420 638 459 v
663 398 817 474 lroclrones,
841 397 870 457 V
895 397 1015 460 addidit
1037 418 1061 459 e.
1110 471 1112 476 A

254 509 345 589 103,7
372 507 397 570 F
420 507 578 588 acceperit,
604 525 622 565 v
647 527 718 569 ecee
736 502 738 591 j
756 507 811 581 ris,
835 504 864 566 V
888 507 921 567 in
946 504 1009 567 fine
1032 504 1133 566 lineae
1158 504 1271 584 adjecit
1289 524 1339 583 pe.

254 614 348 694 110,4
371 613 396 675 F
418 614 494 697 pois,
518 633 538 673 v
562 612 633 692 quis
656 613 746 688 eninr,
771 611 801 671 V
824 631 880 695 pro
904 611 987 674 caira
1009 610 1072 694 legi
1092 610 1184 691 jubet
1207 610 1263 673 eis.

295 719 487 802 Discrepant
508 718 533 780 F
556 725 588 782 et
610 719 641 780 V
664 719 714 782 his
737 719 831 782 locis:
846 720 867 798 ¹)

295 826 326 886 V
350 826 539 889 Vicentinae
563 825 731 889 lectionem
757 845 831 888 cnm
851 825 958 888 codice
977 824 1002 887 F
1021 825 1256 907 conspirantem
1276 831 1380 888 tamen

207 934 340 998 consilio
366 933 506 997 correxit
529 933 579 997 his
602 933 696 995 locis:
1074 939 1077 946 '

205 1109 207 1113 ,
251 1041 349 1122 *52,4
374 1040 420 1104 nv
443 1039 602 1117 illecebris,
626 1039 656 1100 V
680 1039 849 1104 inlecebris.

252 1148 370 1229 *53,12
399 1147 424 1210 F
442 1147 652 1231 praetollere,
681 1167 701 1206 v
718 1146 965 1226 persuadendae,
989 1146 1018 1208 V
1044 1153 1112 1230 post
1136 1168 1193 1210 cen
1216 1147 1336 1210 addidit
1359 1167 1383 1209 e.

252 1254 348 1331 *61,6
373 1252 418 1316 Fv
442 1255 602 1334 seriptum,
626 1253 656 1314 V
677 1253 833 1317 scriblam.

252 1358 346 1441 *81st
372 1360 418 1423 Fr
441 1360 576 1440 sorduit,
600 1360 630 1420 V
654 1360 786 1425 serllsil.
840 1419 843 1423 ,

297 1467 459 1530 Victorius
483 1468 599 1531 codicis
623 1467 648 1530 F
666 1469 867 1550 scripturam,
892 1488 989 1551 quam
1012 1475 1079 1531 erat
1102 1468 1250 1532 editionis
1272 1468 1382 1531 Vieen-

114 1561 117 1564 ¹
208 1561 293 1638 tinae
316 1575 446 1638 lectioni
471 1574 715 1656 substituturus,
738 1575 846 1638 minus
870 1575 1015 1658 religiose
1038 1577 1192 1638 exaravit:

253 1684 347 1758 36,18
372 1681 397 1744 F
420 1699 435 1743 e
454 1682 584 1760 periodi,
608 1682 638 1743 V
662 1701 824 1764 perperam
850 1684 976 1765 scripsit
998 1687 1044 1746 esl
1061 1680 1223 1762 percellet

252 1791 325 1871 43,8
349 1788 375 1851 F
396 1792 488 1866 slulr'r,
511 1789 527 1851 f
546 1788 660 1866 stetero,
684 1788 714 1848 V
738 1792 830 1852 slolrc.

253 1896 371 1978 *6022
395 1895 420 1958 F
442 1916 518 1974 cere,
542 1898 576 1959 in
600 1917 619 1956 v
645 1897 741 1976 deest,
765 1897 795 1957 V
819 1896 939 1960 addidit
960 1917 1038 1961 cero.

200 2055 204 2061 .
297 2003 402 2066 Semel
424 2003 544 2065 litteras
564 2003 682 2066 codicis
700 2002 726 2065 F
743 2003 828 2067 iectu
849 2003 991 2068 difficiles
1012 2004 1125 2067 lacuna
1149 2003 1284 2067 indicata
1306 2004 1380 2065 omi-

208 2112 261 2173 sit:
291 2111 385 2191 73,19
409 2109 434 2171 F
456 2109 603 2189 seremule
626 2113 670 2172 est
692 2111 752 2172 rici
769 2109 875 2189 pleno,
899 2110 932 2172 f*
951 2131 1008 2194 pro
1027 2111 1089 2174 rici
1112 2111 1237 2194 scripsit
1258 2110 1328 2187 risi,
1351 2109 1381 2171 V
1434 2152 1438 2159 ·

207 2216 430 2296 secipoleeisl
447 2216 554 2296 plenu.

297 2322 381 2398 Quid
406 2328 543 2385 statuam
568 2324 605 2386 de
629 2324 840 2407 discrepantia
864 2327 947 2388 inter
969 2320 995 2388 F
1017 2331 1048 2390 et
1073 2324 1114 2406 V,
1137 2343 1253 2409 anceps
1277 2325 1384 2388 haeret
1436 2387 1442 2402 Χ

207 2431 372 2511 iudicium,
395 2430 444 2493 his
467 2429 558 2492 iocis:

253 2575 348 2655 *243
375 2573 405 2633 V
430 2573 549 2636 addidit
572 2575 604 2636 in
630 2576 771 2657 margine
794 2530 1003 2651 Arelliiredes,
1029 2573 1110 2636 nihil
1135 2575 1239 2637 estin
1262 2573 1295 2639 F.

254 2681 326 2761 2929
357 2678 387 2740 V
415 2681 577 2758 extrariis,
611 2681 637 2744 F
669 2688 747 2747 teste
780 2683 878 2766 Luetj.
907 2681 1060 2746 erlrureis
1093 2681 1239 2762 (fortasse
1271 2681 1384 2745 calami

341 2787 434 2869 lapsu
457 2806 513 2869 pro
537 2789 746 2870 extrarium.
927 2833 929 2836 -
1413 2778 1419 2785 ’

254 2895 351 2974 *31,3
379 2893 466 2955 Vin
492 2896 636 2976 margine
662 2896 818 2983 Qrmrlripgr
841 2897 907 2983 cllge
933 2896 1032 2961 roua
1057 2895 1216 2973 Pallanta,
1246 2896 1325 2958 nihil
1350 2897 1384 2958 in

342 3000 366 3062 F
390 3007 505 3084 extare,
522 3021 633 3065 omnes
657 3007 821 3067 testantur.

255 3108 347 3188 lona
371 3107 397 3170 F
421 3106 548 3186 Caluus,
572 3130 592 3170 v
619 3107 715 3188 Oulo',
740 3110 770 3170 V
793 3113 826 3174 in
850 3112 914 3175 fine
938 3111 1058 3174 addidit
1080 3131 1110 3172 c.

298 3213 455 3290 Quoniam
481 3215 612 3279 Victorii
641 3218 679 3280 ad
704 3219 878 3302 Apologiae
902 3220 1075 3282 orationem
1099 3216 1228 3279 latinam
1253 3216 1382 3279 adnota-

210 3324 311 3385 tiones
336 3323 494 3405 quomodo
519 3344 537 3386 a
556 3324 745 3389 lectionibus
767 3327 884 3389 codicis
903 3325 929 3388 F
947 3325 1100 3406 differant,
1123 3325 1384 3404 monstravimus,

208 3432 271 3493 iarn
297 3435 505 3513 quotcunque
530 3450 653 3495 errores
676 3433 710 3494 in
734 3434 811 3496 locis
832 3433 959 3496 Graecis
984 3432 1199 3496 describendis
1224 3430 1276 3494 ille
1298 3451 1381 3493 com·

208 3537 305 3617 misit,
327 3538 535 3621 proferamus.

300 3732 325 3800 l)
347 3731 429 3785 Nolui
453 3748 608 3786 enumerare
632 3734 772 3802 minutias3
800 3736 854 3788 iere
881 3735 1002 3804 sexagies
1026 3734 1137 3788 citerius
1159 3734 1287 3788 lectiones
1306 3734 1383 3802 plene

209 3821 324 3888 scriptae
344 3821 376 3874 ab
396 3820 478 3875 altero
497 3838 545 3889 por
563 3823 751 3891 compendium
770 3840 912 3892 expressae
929 3827 1000 3892 sunt,
1020 3824 1155 3878 nonnuliis
1172 3823 1239 3878 locis
1254 3823 1384 3886 vocabula

200 3909 284 3974 aliter
303 3910 431 3964 distincta
449 3918 511 3964 sunt
530 3928 546 3965 a
563 3911 592 3979 F,
615 3912 693 3966 aliter
711 3929 727 3966 a
746 3913 778 3981 V,
797 3913 933 3967 interdum
953 3931 985 3968 ae
1002 3931 1050 3983 pro
1069 3931 1083 3968 e
1101 3917 1128 3968 et
1145 3931 1159 3967 e
1178 3930 1225 3982 pro
1244 3930 1278 3967 ue
1297 3913 1382 3982 scrip-

208 4001 265 4051 tum
285 4003 335 4052 est.

298 4090 324 4157 2)
342 4091 358 4143 e
378 4089 508 4158 signifieat
526 4107 567 4143 em
585 4094 612 4144 et
630 4097 676 4145 est.

298 4180 324 4247 3)
344 4180 486 4232 extrarias
504 4180 568 4232 inF
586 4183 661 4234 extat
674 4182 716 4235 his
730 4182 811 4235 iocis:
836 4181 898 4235 Met.
919 4182 998 4251 msa
1012 4185 1039 4236 et
1052 4182 1122 4237 Flor.
1137 4183 1230 4250 '2u103
1250 4184 1283 4236 de
1304 4172 1380 4252 Apol.

209 4268 272 4336 23,4
290 4268 359 4321 nihil
378 4270 512 4338 adnotavi,
532 4274 604 4324 certe
623 4288 674 4324 non
694 4272 781 4324 estin
801 4271 822 4324 F
840 4277 979 4326 caleaneo.
