3044 4756
670 258 888 319 -43-

207 430 211 438 ’
277 437 342 499 lam
365 436 526 518 quomodo
547 436 607 517 ipsi
626 437 787 518 scriptoris
807 437 979 499 orationem
1001 438 1034 499 in
1051 438 1217 520 pristinam
1233 440 1366 502 formam

188 544 368 606 restituturi
384 545 495 624 sinum,
506 541 758 624 significabimus
767 542 911 606 breviter.
937 542 1039 626 Supra
1049 543 1300 609 demonstratum
1311 552 1366 627 est,

185 654 313 732 protum
335 649 538 713 retinendum
564 667 642 713 esse.
690 647 782 724 Quod
806 669 878 712 cum
905 650 992 714 nude
1015 651 1091 733 poni
1115 658 1254 735 nequeat
1277 672 1366 715 cum·

189 777 252 841 que
271 776 387 820 nomen
399 755 523 820 lautas
542 757 706 838 aptissime
723 776 797 819 cum
814 760 927 838 proteus
946 758 1166 840 coniungatur,
1181 778 1250 821 nou
1261 760 1365 830 video,

189 884 253 947 quo
273 864 343 927 iure
365 862 522 926 voeabula
545 863 733 926 dirimamus
756 864 807 926 vel
831 863 1019 927 alterutrum
1039 869 1210 928 mutemus.
1251 866 1365 929 Itidem

188 971 284 1034 verba
306 971 350 1033 ud
370 969 588 1034 contribulium
612 975 683 1053 epte
707 970 989 1034 accommodantur
1013 970 1052 1034 ad
1075 971 1218 1035 diceretis
1242 977 1365 1036 etcum

189 1097 294 1162 neque
308 1078 392 1141 facili
408 1079 582 1141 mutatione
602 1097 642 1140 ex
653 1077 795 1141 dicastis
810 1077 920 1160 forma,
940 1098 1022 1160 quae
1035 1079 1220 1161 requiritur,
1239 1079 1367 1143 dicistis

189 1185 342 1249 efficiatur
376 1205 482 1268 neque
515 1184 613 1248 verba
646 1184 689 1247 od
724 1183 941 1248 contumelium
973 1184 1116 1249 diceretis
1151 1186 1367 1269 adiungantur

189 1294 247 1374 eis,
276 1310 358 1376 quae
381 1292 574 1376 praecedunt
594 1296 720 1373 pratum
742 1291 890 1368 bobilam,
913 1292 1047 1356 lacunae
1071 1294 1204 1376 suspitio
1229 1293 1366 1356 offertur.

189 1399 274 1475 Quot
305 1405 337 1463 et
370 1419 452 1482 quae
482 1398 578 1462 verba
610 1399 795 1480 exciderint,
827 1419 893 1461 non
921 1399 1093 1482 praefracte
1123 1399 1252 1480 definio,
1282 1405 1367 1463 certe

188 1508 385 1571 desideratur
403 1507 579 1590 perlectum
598 1512 726 1589 tempus
745 1506 834 1569 verbi
853 1506 1001 1584 alienius,
1021 1507 1106 1571 unde
1121 1507 1256 1590 pendeat
1275 1526 1366 1569 voca·

188 1614 311 1695 bulum,
331 1614 417 1698 qnod
433 1613 545 1677 obiecti
565 1614 673 1676 locum
692 1619 779 1677 tenet
799 1617 935 1695 (protana
952 1613 1103 1694 imbibant)
1124 1621 1155 1677 ot
1173 1614 1365 1677 coniunctio.
1402 1602 1407 1611 ’

188 1722 346 1786 Satisfecit
369 1722 429 1784 hoe
458 1721 731 1804 supplementum:
760 1721 893 1801 proinde
917 1725 1044 1802 prutina
1073 1721 1213 1785 bolitano
1239 1719 1366 1798 (obbe-

189 1829 326 1909 cemes,
351 1834 464 1913 eum)
493 1827 537 1890 ud
562 1827 779 1891 conturbatione
807 1828 962 1909 diceretis,
989 1849 1054 1892 rem
1077 1827 1271 1908 familiarum
1297 1848 1365 1911 sqq.

186 1935 389 2018 Dnnpena'iss
412 1935 486 2000 aaut
507 1935 559 1998 abr
577 1936 645 1998 eine
667 1934 784 1999 Tracti
804 1935 867 1998 mir
885 1955 957 1999 asim
979 1933 1133 2016 Vorwtnf
1142 1934 1291 2016 percuciet,
1316 1935 1366 1997 die

185 2045 249 2108 aab
271 2065 335 2107 narr
354 2042 523 2124 unpawbm
546 2043 600 2120 ist,
630 2041 679 2105 uls
697 2041 758 2124 tta,
781 2063 834 2105 arm
853 2041 935 2105 micb
958 2041 1145 2106 oerdcbtlicb
1167 2062 1208 2106 aa
1226 2041 1365 2121 muchan,

185 2155 291 2232 sopiat,
315 2151 399 2214 mein
425 2149 593 2231 Vermbpcn
617 2149 820 2214 testantem
843 2148 1019 2213 Bettelscolc
1041 2149 1109 2212 aad
1131 2147 1263 2213 Koitai.

275 2275 364 2358 Apol.
381 2275 475 2356 40‚21
498 2278 535 2356 (c.
553 2274 694 2359 XXXI).
728 2273 868 2340 Celemna
887 2274 931 2336 ud
949 2277 1086 2357 mopiam
1104 2273 1226 2338 niobil
1245 2295 1365 2355 quun-

186 2404 302 2463 qnom
324 2383 446 2447 cicietur
469 2382 546 2446 milii
569 2383 723 2446 collatore.
762 2382 851 2445 Haeo
876 2381 909 2445 F.
951 2382 1145 2466 Quicunque
1173 2403 1191 2445 a
1219 2382 1365 2445 codicum

187 2490 378 2554 deteriorum
417 2492 576 2574 scriptura
617 2491 747 2573 profecti
787 2491 875 2553 hunc
910 2491 1015 2554 locum
1055 2495 1240 2573 corruptum
1277 2489 1366 2552 resti·

187 2597 346 2660 tuendum
381 2596 443 2660 sibi
476 2604 695 2681 sumpserunt,
734 2617 843 2661 eorum
880 2599 1078 2661 coniecturas
1114 2596 1240 2660 silentio
1275 2595 1365 2658 nobis

184 2704 462 2787 praetereuntibus
482 2706 606 2768 veniam
626 2710 766 2788 paratam
787 2724 856 2768 esse
881 2724 1053 2788 speramus.
1093 2702 1181 2778 Quae
1201 2722 1275 2766 vero
1295 2707 1367 2785 post

185 2810 414 2876 Ruhnkenium
441 2811 480 2874 ab
505 2810 678 2875 editoribus
702 2817 828 2894 recepta
846 2812 964 2895 legitur
982 2812 1160 2874 ernendatio
1179 2808 1261 2874 aaut
1278 2808 1364 2890 quic-

186 2939 295 3000 quum,
329 2938 366 2982 ea
396 2925 427 2983 et
459 2920 498 2983 ad
532 2920 721 2983 sententiam
751 2925 782 2982 et
814 2919 853 2982 ad
887 2919 1061 2981 orationem
1095 2924 1166 3001 apta
1194 2924 1242 2981 est
1269 2923 1365 3000 atque

186 3025 382 3110 Appuleium
409 3028 454 3089 sio
478 3026 613 3090 scribere
638 3027 779 3109 potuisse
804 3025 1004 3109 largimur1),'
1019 3026 1071 3088 sed
1096 3025 1182 3089 idem
1204 3026 1268 3088 fere
1291 3043 1365 3087 con-

188 3135 280 3215 sequi
304 3133 382 3196 mihi
406 3134 517 3196 videor
540 3134 716 3197 mutatione
740 3133 902 3216 aliquanto
921 3133 1060 3197 faciliore
1078 3152 1135 3215 pro
1155 3131 1237 3195 initii
1255 3152 1364 3212 peruiri-

186 3260 283 3321 pamm
306 3239 448 3304 scribens
470 3242 586 3307 aelati
609 3257 875 3321 quaeroquaero.

183 3366 187 3371 '
276 3365 367 3447 Apol.
401 3367 473 3445 415
509 3372 544 3445 (c.
576 3366 716 3450 XXXI).
779 3367 861 3446 (litos
898 3366 1015 3430 scilicet
1050 3376 1119 3429 ottae
1152 3365 1188 3428 dc
1220 3363 1366 3428 mortibus

186 3477 456 3538 amarissimum
478 3495 542 3536 nora
564 3475 709 3555 suissed)
734 3495 803 3557 sqq.
844 3475 897 3539 Sio
919 3473 976 3551 lle.
1011 3474 1047 3535 ln
1072 3493 1150 3536 voce
1173 3473 1366 3535 ‹amissrnann

186 3581 333 3644 codicum
364 3586 556 3644 correctores
589 3582 775 3645 haeserunt:
809 3582 843 3643 f*
871 3583 974 3645 littera
1006 3603 1027 3643 n
1050 3600 1138 3644 erasa
1162 3580 1261 3642 effecit
1291 3577 1365 3640 inis·-

185 3708 313 3768 surnm,
344 3710 382 3770 qq
415 3690 539 3772 scripsit
567 3690 766 3766 emissenam,
798 3689 883 3772 quod
912 3689 1097 3772 Kruegerns
1130 3687 1268 3768 recipere
1302 3704 1363 3746 non

278 3937 304 4001 1)
328 3937 448 3991 Verbum
475 3936 633 3990 adiurandi
660 3938 780 3992 absolute
809 3940 927 4006 positum
957 3939 1003 3990 vix
1035 3937 1210 3992 offensionem
1239 3936 1364 4004 praebere

185 4027 353 4095 putaverim,
381 4027 454 4079 nibil
476 4027 625 4093 quicquam
648 4045 701 4081 non
726 4027 809 4081 semel
837 4027 869 4079 ab
894 4027 1025 4095 Appuleio
1054 4027 1200 4080 coniuncta
1228 4025 1363 4095 leguntur.

186 4114 350 4184 Saepissime
357 4115 494 4170 Terentius
509 4115 657 4183 coniunxit,
677 4117 709 4170 cf.
721 4117 966 4170 Kretsehmannum
982 4116 999 4171 l.
1010 4134 1033 4170 o.
1044 4134 1068 4184 p.
1080 4116 1123 4183 03,
1142 4114 1362 4185 Hildebrandium

184 4205 222 4261 ad
240 4203 308 4259 Flor.
328 4205 378 4272 IX,
398 4222 423 4273 p.
444 4206 485 4273 32,
505 4206 643 4260 Kuehoeri
661 4207 706 4260 lat.
726 4223 837 4276 gramm.
856 4206 890 4272 ΙΙ,
910 4223 935 4272 p.
958 4207 998 4274 10,
1018 4208 1061 4273 51,
1081 4208 1105 4259 5.

278 4313 304 4381 2)
324 4312 405 4366 Recte
424 4312 453 4366 in
471 4314 560 4380 fnisse
579 4316 710 4368 mutatum
731 4319 772 4367 est
790 4314 823 4368 ab
842 4314 998 4368 editoribus.
