3044 4756
657 216 877 277 „45-

150 465 152 469 ¹
181 391 300 455 bitione
315 391 411 473 addit,
432 393 647 456 commendari
668 393 811 457 studium
833 412 928 456 suum
949 393 981 455 in
1000 392 1204 474 explorandis
1218 393 1359 476 piscibus

178 499 322 581 positum
334 501 524 562 auctoritate
534 500 703 564 hominum
715 500 973 564 doctissimorum
983 498 1163 563 Aristotelis
1176 504 1208 562 et
1217 499 1361 563 Platonis

177 604 240 687 seri,
263 625 402 688 quornm
425 605 504 670 alias
528 626 658 690 quoque
683 627 717 671 se
740 607 799 671 fert
823 610 1009 669 sectatorem
1033 605 1082 687 (ef.
1102 605 1194 688 Apol.
1221 607 1359 687 11330).

268 711 361 796 Apol.
385 712 459 795 62,ss
484 715 521 794 (c.
541 713 622 794 LII).
655 713 756 794 Atqtn
779 713 1008 778 contenderi
1029 714 1087 776 ets
1109 713 1249 793 fnrorern
1273 717 1360 776 tnrnn

179 840 251 883 curn
267 818 373 882 Trana
390 819 507 900 fictore,
525 821 664 884 incendes
683 841 746 884 non
762 819 952 900 perrnnltnnr
968 821 1113 883 interesse
1128 840 1196 903 sqq.
1234 820 1287 883 Sic
1301 820 1359 898 ra.

180 927 337 1009 Apertum
371 928 526 991 mendum
559 929 591 990 in
622 947 699 991 voce
727 928 905 991 contenderi
932 929 1074 1010 positum
1103 927 1213 991 tollere
1242 926 1360 991 frustra

180 1032 367 1096 laborarunt
390 1034 538 1097 homines
562 1034 662 1115 docti,
686 1036 741 1118 qui
766 1055 839 1098 oum
865 1053 905 1098 ex
930 1041 994 1098 toto
1019 1035 1248 1098 sententiarum
1273 1054 1361 1102 nexu

180 1139 401 1223 collegissent,
427 1142 523 1224 priori
548 1143 714 1205 enuntiato
739 1142 835 1221 ntan‘.
857 1191 862 1203 .
882 1190 889 1204 .
910 1192 915 1204 .
939 1131 1049 1222 snrore
1071 1143 1136 1204 vim
1156 1143 1263 1206 inesse
1287 1162 1360 1205 con-

181 1246 375 1329 ditionalem,
399 1248 576 1311 contenderi
598 1250 631 1311 in
656 1249 836 1312 contendere
859 1251 977 1313 mutari
1000 1254 1032 1312 et
1054 1254 1127 1332 post
1149 1250 1239 1329 atqrre'
1262 1251 1360 1312 inseri

181 1353 359 1418 voluerunt
376 1353 445 1435 adl)
479 1357 524 1418 nt
542 1356 679 1420 efficitur
696 1357 755 1418 hac
774 1358 949 1419 mutatione
969 1358 1125 1418 sententia
1143 1357 1250 1439 inepta
1271 1363 1302 1419 et
1321 1357 1360 1419 ad

180 1466 267 1525 recte
283 1462 442 1545 cogitandi
457 1465 611 1527 rationem
627 1484 741 1546 parum
752 1462 1000 1543 accommodata,
1019 1482 1101 1545 quae
1121 1482 1160 1526 ne
1170 1465 1215 1527 ita
1230 1464 1359 1547 quidem

183 1567 260 1632 ferri
282 1574 402 1651 potest,
434 1575 470 1633 ut
502 1569 696 1653 elegantiore
720 1571 900 1634 elocutione
932 1589 1030 1632 usum
1064 1589 1134 1632 esse
1163 1571 1359 1654 Appuleium

180 1680 276 1759 putes
308 1676 349 1756 (st
376 1677 556 1741 contendere
585 1678 646 1756 cis,
679 1678 817 1741 inventes
849 1696 905 1760 pro
938 1677 1164 1754 sternendas,
1200 1678 1359 1758 inventes).
1427 1739 1429 1743 ,

182 1781 304 1846 Medela
327 1782 429 1847 multo
448 1783 568 1848 leniore
588 1785 693 1866 verba,
717 1786 850 1868 quaein
872 1784 978 1847 codice
997 1803 1162 1866 perperam
1182 1785 1361 1866 traduntur,

63 1945 69 1950 .
182 1888 369 1953 sanabimus
399 1891 498 1954 unius
528 1892 687 1955 litterulae
715 1893 896 1955 mutatione
920 1910 976 1973 pro
1006 1891 1182 1954 contaedera'
1208 1893 1264 1955 ets,
1285 1894 1360 1954 scri-

180 1996 292 2061 bentes
322 1999 523 2063 contende
549 1999 590 2063 at
612 2000 721 2078 otest)
766 1997 859 2061 Hanc
888 1999 1100 2061 conditionem
1129 1999 1266 2080 ponendi
1293 2019 1360 2063 om-

181 2103 278 2167 nibus
302 2104 511 2188 scriptoribus
534 2125 738 2170 communem
761 2106 929 2168 formulam
955 2107 1049 2168 etiam
1075 2105 1113 2167 ab
1137 2106 1276 2188 Appulei
1296 2125 1360 2170 ser·

181 2230 277 2275 mone
299 2211 385 2276 hand
410 2212 576 2276 abhorrere
600 2212 734 2296 probant
757 2212 834 2275 haec
852 2212 1008 2295 exempla,
1032 2232 1114 2295 qrrae
1133 2213 1165 2274 in
1186 2214 1254 2295 ipsa
1273 2215 1360 2296 Apo·

180 2318 265 2401 logia
279 2319 539 2399 inveniunturn:
562 2341 591 2403 p.
614 2321 708 2401 99‚10
732 2318 802 2382 tarde
817 2369 823 2381 .
840 2369 846 2380 .
864 2365 870 2378 .
889 2320 1065 2399 cnrmrcteri
1079 2367 1149 2397 ....,
1172 2320 1310 2383 r'noene'es
1329 2332 1361 2384 et

184 2426 278 2499 111,9
302 2426 392 2505 apen
405 2446 519 2505 quaeso
530 2474 536 2488 .
547 2475 554 2488 .
565 2477 572 2489 .
584 2477 599 2503 .,
616 2426 770 2507 probabis.
805 2426 908 2489 Causa
923 2426 1155 2509 depravationis
1171 2433 1218 2489 est
1233 2447 1360 2491 summa

180 2532 358 2607 litterarum
381 2555 399 2597 r
422 2540 492 2598 ets
515 2535 549 2596 in
573 2536 730 2618 scriptura
753 2532 988 2616 langobardica
1012 2534 1199 2615 similitude,
1223 2555 1286 2616 qua
1306 2535 1359 2598 de·

182 2641 265 2723 cepti
288 2640 407 2703 librarii
431 2642 559 2724 saepius
587 2661 639 2704 eas
663 2640 886 2704 confuderunt.

273 2746 363 2831 Apol.
390 2748 461 2829 72,2
492 2752 529 2830 (c.
553 2747 652 2827 LXI).
699 2746 895 2813 Setnrninns
922 2796 928 2808 .
954 2797 959 2808 .
984 2796 990 2809 .
1015 2749 1197 2827 percense-it
1218 2769 1265 2810 rae
1290 2797 1296 2810 .
1320 2797 1359 2812 ..

177 2853 347 2933 persae...
358 2854 455 2935 ipitrn
462 2856 570 2935 prino
584 2856 716 2919 bneenrn
735 2859 923 2935 teptnsset.
949 2855 1111 2918 Interim
1128 2855 1200 2918 daem
1221 2875 1272 2935 epo
1287 2856 1360 2917 rur-t

183 2980 251 3040 apo,
274 2959 430 3025 Sicininrn
455 2962 648 3026 Ponta'annrn
674 2963 860 3043 printpnnrn
889 2983 990 3026 neaera
1014 3011 1020 3025 .
1045 3011 1051 3024 .
1077 3015 1082 3026 .
1107 2961 1256 3025 concedisse.
1308 2962 1359 3025 Sic

183 3066 210 3129 F
231 3073 312 3131 toste
335 3067 595 3151 Luerjohanmfl)
642 3070 794 3153 Suspicor
822 3071 934 3134 litteris
958 3090 990 3132 sc
1014 3068 1359 3132 iteratisscribendum

183 3181 255 3239 esse
277 3181 508 3256 temptasse.
557 3178 622 3243 See
644 3182 825 3242 necterent
849 3197 917 3260 sqq.
969 3177 1177 3239 Adversativa
1205 3177 1358 3258 particula

183 3288 256 3367 apte
278 3283 416 3348 traducit
438 3285 477 3347 ad
501 3287 615 3348 mutati
639 3286 762 3348 consilii
787 3286 979 3348 memoriam.

276 3461 302 3531 1)
320 3460 540 3538 Hildebrandiua
560 3478 622 3515 cum
642 3463 725 3515 huius
741 3461 889 3530 particulae
905 3461 1076 3516 omissionem
1092 3460 1238 3529 elegantiae
1253 3460 1357 3513 cuidam

184 3550 298 3605 oratoris
313 3550 471 3605 artificiosae
485 3551 681 3605 attribuendam
696 3567 756 3605 esse
770 3567 930 3620 persuasum
946 3551 1063 3618 baberet,
1083 3552 1229 3604 orationem
1244 3551 1272 3601 iu
1287 3549 1359 3600 huno

183 3641 295 3694 modum
305 3641 494 3695 conformavit:
511 3642 592 3708 etqna'
604 3641 768 3694 contendere
784 3641 823 3693 ria
836 3641 960 3706 furorem
975 3646 1053 3692 trenna
1068 3656 1130 3692 cnm
1148 3639 1240 3690 Tlrnllr'
1252 3637 1359 3703 tienne,

182 3730 382 3799 inveniensqq.

275 3820 302 3889 2)
322 3819 355 3874 Si
371 3820 413 3873 nia
427 3820 622 3888 additurApol.
632 3821 704 3888 65,5;
717 3820 756 3873 aia
770 3819 878 3874 additur
890 3819 961 3888 18‚4;
982 3819 1073 3887 39,16;
1096 3817 1189 3883 10:2‚15
1209 3826 1253 3885 tex
1267 3816 1359 3869 Jahnii

184 3909 361 3977 coniectural;
381 3911 414 3964 cf.
433 3910 506 3964 Hild.
526 3912 566 3965 ed.
587 3910 620 3978 Π,
641 3928 665 3978 p.
681 3909 746 3977 280;
765 3911 790 3962 ai
810 3909 917 3962 ridetur
936 3908 1009 3975 3‚1‘.>;
1028 3906 1121 3974 45‚19;
1139 3907 1217 3959 sodes
1235 3905 1322 3974 9131.

274 3999 303 4068 3)
321 3999 404 4054 Plura
427 4000 550 4068 exempla
569 3999 631 4068 quin
656 4000 682 4052 in
703 3999 816 4068 Appulei
836 3997 910 4052 libris
930 3998 994 4064 sint,
1022 4013 1074 4049 non
1098 3995 1198 4050 dubito.
1236 3995 1276 4048 lle
1296 4012 1358 4047 con·

185 4088 332 4143 structione
351 4089 383 4143 ct.
406 4089 541 4143 Kuehneri
559 4105 670 4159 gramm.
689 4089 735 4143 lat.
756 4089 790 4156 ΙΙ,
810 4106 834 4156 p.
854 4088 941 4151 76οβ.

274 4178 302 4247 4)
321 4177 400 4232 Falsa
418 4182 460 4233 est
478 4180 529 4232 hoc
548 4179 607 4233 loco
626 4178 762 4232 adnotatio
785 4178 812 4229 in
832 4175 962 4242 Kruogori
986 4174 1101 4228 editione
1119 4192 1134 4228 e
1152 4173 1274 4228 Muelleri
1294 4189 1358 4226 auc·

185 4268 291 4322 toritate
310 4269 453 4323 verborum
473 4269 559 4322 ordini
578 4269 734 4336 sialasoripta.
