3044 4756
643 211 861 272 „53.-

164 387 335 451 mulieris
354 387 564 454 hortuntur.
589 389 696 465 Solus,
718 394 873 470 quantum
886 389 966 470 scio,
978 368 1219 471 Petschenigins
1231 392 1252 467 ¹)
1273 409 1338 452 mo-

162 496 233 557 nuit
256 496 441 576 rectissime,
465 515 574 558 vocem
592 494 747 575 putridos
771 501 952 578 corruptam
977 515 1054 560 esse.
1096 495 1285 558 Emendatio
1310 497 1339 559 ei

162 621 224 664 non
251 603 397 685 contigit3
422 622 495 665 nam
514 601 658 682 populos,
683 603 768 684 quod
794 600 971 684 substituit,
995 602 1083 666 nullo
1108 603 1202 666 modo
1227 603 1338 686 placet.

162 709 307 772 Primum
348 710 433 772 enim
474 709 549 772 facit
582 709 776 792 Appuleium
819 711 925 793 inepte
960 710 1116 772 dicentem
1157 709 1267 791 crotous
1297 747 1337 756 —

163 836 235 878 nam
263 816 323 878 hoc
356 815 487 879 subiecti
518 817 622 879 locum
658 822 745 879 tenet
777 855 815 863 -
851 815 994 879 hortatur
1020 815 1164 896 popedon.
1215 816 1338 880 Deinde

161 928 233 1004 post
274 921 470 986 coucturnuut
506 923 623 1003 iquern,
665 924 833 1003 requirunt
872 944 955 986 suoru
993 923 1088 986 verbu
1123 924 1258 1004 poprdos
1296 924 1340 987 ud

162 1029 293 1092 cuitirnn
314 1029 457 1093 rudioris
479 1029 646 1093 hortantur
664 1032 780 1093 mirum
802 1028 959 1113 quantum
978 1030 1140 1114 languent.
1180 1030 1337 1113 Equidem

162 1156 351 1218 persuasum
379 1136 494 1217 habeo,
526 1138 617 1200 tertio
646 1136 788 1200 membro
820 1138 974 1200 contineri
1007 1139 1073 1200 sive
1110 1157 1337 1200 commemora-

162 1245 281 1306 tionem
311 1263 431 1326 poenne
463 1245 618 1327 gravioris
643 1245 710 1307 sive
735 1245 924 1308 sententiam
953 1264 997 1320 ea,
1027 1264 1109 1326 quae
1137 1245 1339 1327 praecedunt,

162 1351 431 1433 complectentem.
478 1343 566 1413 Haec
595 1371 789 1434 quamquam
821 1351 942 1414 dudum
972 1351 1194 1431 animadverti,
1223 1360 1339 1428 tomen,

162 1477 226 1538 qua
258 1459 380 1520 ratione
416 1459 487 1520 loco
522 1464 604 1521 esset
638 1457 909 1538 subveniendum,
944 1459 1087 1522 nondum
1112 1459 1230 1520 inveni.
1278 1457 1339 1521 Sed

162 1565 315 1645 quoniam
344 1566 376 1626 in
406 1585 440 1628 re
470 1566 577 1628 critica
606 1585 698 1650 saepe
727 1566 776 1646 fit,
807 1572 844 1627 ut
871 1571 987 1628 conatu
1015 1585 1098 1627 novo
1129 1567 1245 1628 veritas
1273 1585 1338 1627 non

162 1673 345 1753 attingatur,
369 1673 424 1735 sed
448 1675 500 1736 via
523 1674 561 1735 ad
581 1693 693 1736 verum
713 1672 944 1735 inveniendum
964 1672 1034 1734 aliis
1054 1673 1229 1751 muniatur,
1253 1673 1338 1755 quod

161 1781 328 1861 temptavi,
366 1799 527 1862 expromo.
584 1779 661 1842 Mihi
695 1781 729 1842 in
766 1784 905 1842 mentem
941 1781 1044 1842 venit:
1084 1779 1340 1858 ‘putidulum

159 1885 215 1948 ud
247 1886 432 1951 cortitum
459 1868 695 1952 murmur!
722 1887 996 1964 hortaretur.²)
1044 1887 1127 1969 Apte
1157 1886 1203 1948 sic
1232 1888 1337 1969 expri-

160 1992 259 2053 mitur
283 2012 430 2057 summus
453 1994 559 2077 plebis
582 1996 673 2057 furor
692 1993 938 2076 indignatioque
963 1994 1088 2056 ratione
1106 2013 1235 2076 poenae,
1256 2015 1338 2076 quae

158 2105 362 2180 proponatur.
409 2101 492 2163 Nam
520 2103 577 2164 vix
610 2101 737 2184 legibus
767 2106 916 2163 sanctum
944 2107 1027 2180 erat,
1056 2106 1092 2163 ut
1119 2101 1256 2164 feminae
1285 2121 1339 2184 pu·

159 2205 262 2267 tibulo
287 2207 514 2290 suffigerentur
537 2209 743 2290 latronesque
768 2212 892 2270 tanturn
918 2213 982 2270 tam
1003 2207 1178 2270 crudeliter
1196 2209 1230 2270 in
1249 2208 1339 2271 femi-

160 2331 232 2374 nam
257 2314 422 2377 vindicant
445 2313 534 2396 (Met.
562 2315 701 2396 null).

249 2419 386 2503 Propius
406 2421 492 2485 abest
516 2443 533 2485 a
553 2423 671 2486 codicis
692 2422 716 2484 F
737 2423 889 2505 vestigiis,
913 2422 998 2504 quod
1019 2420 1189 2502 Dittheyus
1215 2424 1339 2484 coniec-

159 2532 231 2589 tura
251 2530 393 2610 speciosa
412 2530 527 2611 posuit,
541 2530 796 2610 periculose)
817 2530 1009 2592 detortitium
1031 2528 1174 2592 nrutierrs
1190 2536 1339 2608 porta·

160 2639 244 2698 tur.
291 2635 352 2698 Sed
391 2655 430 2698 ne
464 2636 523 2712 hoc
557 2637 687 2719 quidem
717 2657 830 2699 omnes
859 2636 999 2699 veritatis
1034 2655 1188 2699 numeros
1223 2637 1338 2699 habere

160 2742 237 2803 mihi
261 2743 394 2807 videtur.

248 2849 322 2913 Met.
348 2851 443 2931 4626
478 2850 551 2932 (111,
577 2850 637 2930 13).
685 2850 786 2930 rous,
818 2849 949 2913 Milonis
976 2850 1104 2931 ancilla,
1136 2849 1252 2931 Lucio,
1283 2851 1338 2932 qui

160 2963 288 3038 propter
314 2978 456 3041 pugnam
486 2979 560 3022 cum
589 2957 715 3021 utribus
748 2963 840 3021 nocte
864 2958 1067 3020 commissum
1097 2957 1339 3040 Hypatensibus

161 3063 279 3126 derisui
304 3065 420 3147 fuerat,
445 3086 503 3129 sua
528 3066 621 3149 culpa
648 3065 730 3129 illud
754 3065 873 3128 factum
898 3084 968 3128 esse
992 3063 1168 3127 confitetur.
1215 3062 1339 3127 Deinde

160 3170 236 3232 haee
260 3178 414 3235 secuntur
438 3172 547 3237 verba:
579 3172 716 3236 Etcum
739 3174 819 3237 dicto
848 3172 948 3236 loruru
975 3172 1152 3252 qrreurpiurn
1179 3172 1255 3236 siuu
1282 3192 1338 3234 suo

159 3276 312 3356 (depromit
329 3279 465 3360 mihique
484 3281 667 3361 porriqeus:
686 3301 770 3360 eope,
788 3281 900 3360 iuquit,
919 3283 1019 3343 oro-te
1037 3283 1071 3343 et
1089 3280 1148 3360 (sic
1167 3278 1232 3358 no)
1246 3300 1337 3358 pcr-

158 3383 243 3463 t'idu
266 3385 424 3450 inertiore
446 3387 624 3464 vindicione,
649 3387 742 3450 iruruo
765 3408 834 3450 uero
854 3386 924 3450 ticet
945 3387 1050 3449 incius
1069 3386 1199 3467 quodvis
1217 3384 1338 3465 seqrpti·

160 3492 243 3554 ciunt
261 3514 356 3556 serore.
406 3495 467 3557 Pro
492 3499 533 3572 et,
558 3494 643 3577 quod
664 3495 817 3557 vitiosum
837 3494 1020 3576 videbatur,
1040 3494 1161 3577 legitur
1176 3492 1273 3573 vulgo
1293 3491 1337 3557 de.

160 3598 431 3684 Petschenigius4)
452 3602 546 3666 scribi
565 3602 660 3665 iussit
688 3622 726 3664 err
745 3612 841 3686 atque
857 3603 1021 3666 enuntiato
1043 3601 1096 3664 illo
1112 3601 1176 3663 duo
1198 3599 1339 3662 membra

250 3743 276 3810 1)
295 3743 328 3796 In
353 3744 464 3797 Wiener
484 3742 604 3797 Studien
622 3759 645 3797 a.
668 3741 749 3811 1882,
769 3759 794 3810 p.
815 3742 866 3796 152
886 3744 954 3812 (uus
972 3741 1061 3795 huben
1081 3741 1149 3794 doch
1168 3741 1212 3794 die
1227 3739 1338 3793 Kiuder

162 3831 210 3883 init
228 3831 276 3883 der
297 3832 464 3901 Steiuiquuy
483 3833 549 3886 oder
569 3832 770 3900 Verhreunuuq
789 3832 837 3885 der
859 3832 1070 3898 Giftmiccheriu
1088 3847 1123 3884 ru
1142 3831 1251 3899 thuni).

249 3922 275 3988 2)
296 3922 352 3975 soil.
372 3922 479 3987 cedite,
499 3926 530 3975 ut
544 3921 643 3975 similis
658 3923 792 3976 enuntiati
808 3922 893 3976 torma
912 3922 1023 3989 prodeat
1041 3939 1072 3975 ac
1091 3920 1171 3989 paulo
1191 3923 1251 3973 ante
1271 3936 1335 3972 eou-

161 4009 283 4062 chnuunt
297 4008 416 4078 ‘iuuenci

249 4082 276 4150 3)
296 4084 329 4136 de
349 4083 398 4137 hac
418 4084 573 4137 formation
592 4083 721 4136 inusitata
741 4083 802 4136 vide
822 4083 1014 4150 Roenschiurn,
1034 4082 1111 4135 Itulu
1130 4081 1192 4134 und
1216 4080 1337 4147 Vutqutu

160 4186 184 4237 p.
206 4170 266 4225 268.

250 4262 277 4330 4)
298 4262 328 4314 lu
353 4261 464 4315 Wiener
485 4261 603 4316 Studien
624 4279 646 4315 a.
669 4260 747 4328 1882,
767 4279 791 4331 p.
813 4262 871 4315 153.
