3044 4756
617 678 828 776 VITA.

224 957 445 1022 Fridericus
468 960 588 1040 Beyte
615 943 812 1024 natussum
833 961 1026 1046 Groningae,
1049 965 1084 1025 in
1110 963 1190 1026 urbe
1212 984 1310 1047 prope

135 1061 341 1128 Halberstadt
364 1067 433 1146 sita,
457 1067 507 1130 die
530 1067 680 1130 XXVIII
704 1070 823 1131 mensis
842 1069 1024 1132 Decembris
1048 1071 1122 1132 anni
1141 1070 1169 1132 h.
1191 1089 1213 1133 s.
1233 1069 1309 1133 LXI
1409 1076 1414 1082 '

134 1177 222 1253 patre
238 1171 407 1249 FridericO,
426 1180 525 1237 matre
539 1176 688 1255 Augusta
706 1194 723 1237 e
742 1182 836 1258 gente
855 1176 1193 1256 Gruetzemacher,
1211 1197 1309 1259 quam
1420 1201 1423 1207 ·

135 1282 236 1341 morte
260 1285 398 1361 ereptam
423 1299 493 1343 esse
516 1281 607 1344 valde
631 1281 729 1344 doleo.
775 1281 863 1346 Fidei
888 1284 1033 1346 addictus
1059 1303 1131 1346 sum
1150 1284 1308 1366 evangeli-

135 1404 198 1447 cae.
246 1385 363 1448 Primis
392 1387 568 1450 liberarum
597 1388 762 1451 elementis
788 1388 821 1449 iu
846 1391 1009 1451 communi
1035 1388 1142 1452 schola
1164 1388 1306 1452 imbutus

134 1490 263 1572 linguae
299 1491 414 1556 latinae
437 1494 627 1557 rudimenta
660 1496 765 1577 accepi
798 1497 909 1556 avIro
942 1497 1061 1577 optimo
1085 1495 1214 1570 Fleok,
1252 1497 1308 1578 qui

135 1599 344 1660 sacerdotium
370 1619 457 1662 nuno
482 1619 611 1682 quoque
633 1601 698 1663 illic
721 1603 810 1684 gerit.¹
855 1601 939 1664 Vere
963 1604 1040 1675 anui
1061 1602 1090 1663 h.
1116 1622 1139 1664 s.
1165 1600 1307 1664 LXXIII

133 1711 280 1786 receptus
316 1725 387 1768 sum
418 1708 451 1768 ih
480 1709 685 1790 gymnasium
714 1707 980 1771 Halberstadense
1009 1709 1161 1791 auspiciis
1189 1707 1309 1771 florens

136 1811 286 1875 Guilelmi
310 1813 494 1893 Schmidt,
523 1815 660 1877 homiuis
690 1815 880 1895 doctissimi,
908 1817 1000 1877 cuius
1027 1816 1171 1877 animum
1197 1816 1231 1877 in
1257 1833 1308 1877 me

137 1918 477 1984 benevolentiSsimum
509 1923 562 2004 pia
594 1923 747 1984 memoria
779 1921 882 1984 colere
914 1941 978 1983 non
1011 1921 1162 1984 desinam.
1215 1919 1309 1996 Quod

134 2045 209 2088 cum
237 2046 293 2108 per
316 2032 384 2089 octo
409 2047 508 2090 annos
537 2027 802 2110 hequentassem,
830 2029 1020 2090 maturitatis
1045 2028 1225 2090 testimonio
1260 2028 1308 2089 in-

134 2139 275 2196 structus
299 2133 425 2216 Lipsiae
454 2134 568 2196 studiis
597 2134 797 2217 philologieis
825 2153 882 2215 per
910 2137 970 2197 tria
993 2135 1157 2198 semestris
1180 2152 1306 2216 operam

135 2240 216 2301 dedi.
268 2240 349 2302 Tum
377 2239 519 2302 Beroliui
551 2260 608 2323 per
640 2261 759 2304 annum
792 2246 933 2304 moratus
962 2242 1037 2304 inde
1065 2240 1104 2304 ab
1132 2246 1306 2303 auctumno

133 2350 210 2409 anni
233 2345 413 2409 LXXXIII
436 2325 603 2429 usquead
626 2345 786 2408 LXXXV
806 2348 886 2410 civiS
904 2349 950 2411 fui
969 2349 1069 2411 almae
1088 2346 1307 2410 universitatis

134 2452 288 2536 Georgiae
302 2457 476 2535 Augustae.
513 2452 603 2529 Quod
623 2461 769 2536 superest
784 2456 933 2536 temporis
950 2456 1097 2537 spatium,
1116 2452 1308 2534 Groningae,

132 2559 334 2641 Dransfeldii,
359 2560 527 2643 Gottingae
552 2561 666 2623 studiis
689 2562 813 2623 navari.

220 2665 409 2730 Docuerunt
431 2687 482 2730 me
508 2668 654 2731 homines
679 2667 866 2730 doctissimi:
896 2665 1009 2746 Baur,
1037 2665 1305 2745 Bledermann,

133 2774 167 2836 G.
201 2772 374 2854 Curtius,
416 2773 454 2835 K.
488 2773 654 2854 Dilthey,
696 2773 736 2835 M.
765 2774 913 2854 Heyne,
955 2773 990 2835 Ε.
1019 2771 1213 2854 Huebner,
1255 2771 1304 2837 W.

132 2880 309 2959 Mueller,
342 2881 376 2945 G.
402 2881 436 2942 E.
461 2879 637 2958 Mueller,
667 2879 848 2960 Paulson,
877 2880 911 2943 Ο.
936 2878 1117 2960 Ribbeck,
1144 2879 1185 2943 M.
1210 2877 1304 2941 Roe—

132 2988 251 3069 digcr,
297 2986 337 3049 H.
370 2985 536 3069 Sauppe,
581 2986 631 3048 W.
666 2988 838 3066 Scherer,
884 2986 960 3049 loh.
996 2986 1181 3066 Schmidt,
1225 2984 1303 3047 Ioh.

131 3093 631 3176 Vahlen,Voigt,Weiland,
651 3090 1304 3171 U.deWIlumowitu-Moellendorf,

131 3199 260 3278 Wolff,
284 3199 460 3266 Zarncke.

219 3305 360 3368 Beroliui
402 3307 531 3370 interfui
574 3306 852 3369 exercitationibus
892 3306 1092 3389 philologieis
1125 3303 1305 3384 Vahleni,

131 3413 301 3476 theodiscis
325 3413 515 3496 Schereri,
545 3413 713 3495 Gottingae
737 3413 907 3475 theodIscis
931 3411 1118 3475 Muelleri.
1166 3411 1209 3474 Ut
1230 3430 1304 3493 pro-

132 3522 293 3583 seminarii
322 3527 352 3582 et
375 3541 430 3603 per
453 3521 501 3583 bis
526 3541 583 3584 sex
607 3539 734 3583 meuses
758 3520 920 3582 seminarii
943 3518 1126 3601 philologici
1150 3517 1303 3598 Georgiae

130 3632 297 3709 Augustae
322 3627 437 3690 sodalis
461 3647 576 3706 essem,
606 3628 737 3708 contigit
759 3627 838 3688 mihi
862 3627 981 3704 insigni
1006 3624 1199 3706 bemgnitatc
1223 3622 1303 3685 Dil-

130 3735 250 3813 theyi,
274 3734 445 3815 Sauppii,
469 3735 512 3796 de
535 3734 799 3797 Wilamowitz.

219 3841 279 3902 His
314 3843 390 3902 viris
419 3841 568 3903 omnibus
596 3842 713 3922 optIme
742 3839 779 3902 de
804 3859 854 3902 me
878 3840 1014 3918 merItIS,
1043 3839 1199 3921 imprimis
1222 3834 1303 3899 Dil-

130 3949 261 4027 theyo,
286 3949 342 4028 qui
367 3948 471 4010 studia
494 3968 564 4010 mea
588 3966 765 4029 nuurquam
785 3966 848 4008 non
867 3946 947 4007 fovit
966 3952 996 4007 et
1016 3945 1147 4025 adiuvit,
1170 3945 1302 4026 graham

131 4055 249 4118 habebo
275 4075 400 4136 semper
424 4057 607 4116 maximam.

1477 1730 1489 1883 Ξ
