3044 4756
650 244 868 306 ..10-

170 421 307 504 primum
333 441 560 504 expromamns
584 441 638 486 eos
661 423 764 503 locoS,
791 422 908 506 quibus
931 422 1095 486 Victorius
1117 423 1266 486 editionis
1290 422 1347 484 Vi·

171 528 313 592 centinac
337 530 524 612 scripturas,
548 549 744 612 quamquam
769 530 952 612 conspirant
974 549 1048 593 cum
1073 529 1111 607 F,
1144 535 1253 593 contra
1283 551 1347 593 ma-

170 635 317 699 nifestam
341 635 534 700 huiusilibri
558 657 655 700 manu
680 637 788 719 scripti
804 637 1030 700 auctoritatem
1054 638 1204 715 correxit,
1235 636 1348 700 deinde

170 742 339 806 afferamus
370 743 522 807 lectiones
556 763 624 824 eas,
661 763 742 826 quas
774 743 849 806 licet
881 744 1047 827 perspicue
1080 745 1114 806 in
1146 743 1172 806 F
1204 749 1347 807 exaratas

170 867 282 932 parum
311 856 395 913 recte
421 851 583 915 transtulit
608 851 783 929 Victorius3
813 856 883 914 tum
907 851 1099 927 indicemus,
1124 851 1250 934 quoties
1273 850 1348 913 Vic-

171 956 272 1019 torius
301 958 473 1036 genuinam
515 959 704 1041 scripturam
736 958 854 1022 codicis
882 957 907 1020 F
935 958 1019 1021 lectu
1048 958 1253 1021 difficiliorem
1285 978 1347 1020 non

171 1069 318 1134 accurate
338 1064 495 1144 elicuerit3
520 1066 659 1148 denique
679 1066 887 1129 adnectamus
905 1065 1060 1149 pauculos
1078 1065 1177 1147 locos,
1195 1066 1251 1148 qui
1271 1065 1347 1127 mihi

172 1170 261 1234 dubii
286 1173 358 1235 sint.

263 1277 400 1343 Mutavit
422 1280 521 1362 igitur
543 1279 705 1344 Victorius
728 1280 896 1344 lectionem
921 1279 1123 1361 vicentinae,
1151 1299 1347 1363 quamquam

172 1405 247 1448 omn
272 1385 296 1448 F
319 1387 475 1469 congruit,
499 1386 548 1450 his
572 1387 697 1467 locis¹):

220 1494 313 1575 18,13
338 1493 363 1556 F
386 1493 547 1575 intentum,
570 1493 634 1574 Ἣ)
658 1496 813 1572 inteclns;

218 1602 291 1682 83,5
315 1600 341 1663 F
363 1599 512 1677 cllocrdo,
542 1601 572 1660 V
595 1601 759 1678 (adlectum
791 1601 820 1660 V
844 1603 971 1685 scripsit
1004 1601 1162 1679 ‹adlocadm
1196 1602 1281 1685 qnod
1314 1603 1348 1664 in

280 1708 413 1784 *codice
441 1708 467 1771 F
493 1709 742 1792 praepositiones
770 1709 959 1792 plerumque
982 1711 1122 1793 integras
1146 1730 1220 1772 cum
1245 1709 1348 1772 verbis

307 1817 456 1898 componi
471 1815 701 1880 observaverat.
738 1816 799 1880 Sed
815 1817 846 1879 in
864 1817 961 1880 rebus
977 1817 1227 1900 orthographicis
1244 1836 1348 1899 neque

308 1925 441 2006 scriptor
477 1924 596 1988 codicis
626 1923 652 1986 F
683 1944 790 2007 neque
819 1923 849 1984 V
883 1924 943 1988 sibi
976 1929 1134 2003 constant3
1174 1924 1212 1987 de
1244 1923 1348 1986 ortho-

306 2031 437 2114 graphia
469 2031 542 2094 vide
571 2030 763 2112 Brambach‚
795 2029 1040 2113 Napesaunep
1071 2031 1126 2094 der·
1154 2029 1205 2094 lot.
1239 2030 1346 2095 Ortho-

304 2137 436 2218 prcpbic
463 2137 546 2221 Lips.
573 2140 657 2202 1868
681 2159 709 2221 p.
736 2140 808 2202 298.

197 2244 316 2326 *88,19
341 2244 365 2307 F
388 2244 556 2324 appellunt,
581 2245 608 2306 V
633 2245 834 2326 adpetenti).

221 2352 314 2429 1123
339 2351 363 2414 F
387 2351 546 2432 schellam,
575 2352 605 2413 V
628 2351 791 2434 sacellam
815 2350 856 2435 V,
884 2355 940 2437 qui
970 2354 1208 2436 praecedentem
1239 2372 1349 2415 vocem

308 2458 418 2523 bellurn
436 2479 477 2523 ex
497 2460 614 2524 codicis
632 2458 658 2524 F
675 2462 862 2524 auctoritate
881 2462 913 2523 in
934 2458 1046 2524 cellum
1064 2467 1252 2541 correxerat,
1276 2480 1349 2522 con-

300 2566 379 2630 silio
410 2605 449 2614 -
474 2587 514 2631 an
543 2569 669 2631 errore?
702 2605 745 2615 —
779 2574 889 2631 contra
917 2567 941 2630 F
968 2566 1115 2648 fabellam
1141 2568 1175 2630 in
1203 2564 1350 2647 tabellum

307 2676 451 2738 mutavit
474 2695 493 2738 c
516 2695 571 2758 pro
594 2675 612 2738 b
631 2675 789 2759 imprimis
806 2675 1055 2758 pronuntiabant
1072 2674 1153 2754 Afri,
1176 2674 1228 2737 sed
1251 2673 1348 2737 huius

308 2783 550 2847 consuetudinis
573 2784 707 2867 vestigia
729 2784 824 2846 etiam
848 2784 881 2845 in
900 2781 1063 2845 codicibus
1083 2771 1119 2844 ct
1133 2781 1346 2863 inscriptioni-

307 2889 368 2953 bus
392 2889 466 2953 alibi
492 2892 573 2954 natis
597 2911 662 2953 non
687 2890 812 2953 desunt.

198 2996 340 3073 *139,10
361 2997 516 3061 Fborrnit
534 2999 567 3060 in
586 2998 721 3061 lacerata
740 2996 925 3060 membrana
944 3002 980 3060 ut
992 2997 1124 3073 videtur,
1143 2995 1171 3055 V
1188 2994 1326 3058 hcrrivit.

198 3104 283 3165 *167
288 3105 337 3185 ,27
362 3104 515 3188 Fpinru‚
543 3104 578 3189 V
593 3104 789 3184 periurium

191 3234 193 3238 ·
222 3211 338 3293 191,15
363 3211 546 3293 chlilnri,
571 3212 600 3272 V
622 3212 801 3292 repetitrrri5

198 3317 338 3395 *19233
363 3318 388 3381 F
410 3319 595 3396 decernebar,
620 3318 650 3377 V
673 3319 871 3396 adelmum

269 3552 294 3618 1)
314 3551 416 3618 Sequor
441 3550 470 3602 in
498 3549 747 3618 Metamorphosecn
775 3549 850 3604 libris
876 3550 1081 3619 Eyssenhardii,
1110 3551 1138 3602 in
1166 3548 1298 3615 Apologia
1325 3549 1352 3598 et

176 3640 293 3694 Floridis
312 3640 444 3707 Kruegeri
463 3639 601 3694 editiones,

267 3749 293 3816 ⁶2)
312 3749 370 3802 Hac
388 3747 477 3801 littera
495 3746 610 3801 Victorii
628 3749 705 3802 notas
724 3747 857 3807 indicabo.

267 3858 293 3916 3)
312 3855 424 3924 Aliquot
441 3855 517 3924 locis,
536 3855 568 3908 de
588 3855 688 3924 quibus
707 3855 838 3909 dubitatio
858 3855 926 3907 mihi
945 3853 1060 3907 subnata
1077 3854 1142 3918 erat,
1166 3851 1352 3920 Hieronymus

178 3945 320 4013 Vitellius
340 3944 462 4014 Diltheyi
480 3945 606 4013 precibus
625 3945 783 4008 obsecutus,
808 3945 907 3998 iterum
931 3942 1051 3997 codicem
1075 3940 1206 4010 inspexit,
1231 3957 1279 4009 pro
1299 3957 1351 4008 qno

178 4036 306 4090 beneficio
325 4035 423 4088 iustam
444 4035 528 4088 habeo
547 4034 661 4104 gratiam
681 4035 889 4102 nraximamque.
926 4032 980 4087 Ubi
998 4031 1089 4084 verbis
1108 4047 1191 4099 supra
1216 4030 1351 4098 excerptis

182 4141 275 4179 racem
299 4142 352 4179 non
374 4125 515 4192 proposui,
535 4125 568 4178 de
588 4124 690 4178 codicis
708 4124 856 4178 Florentini
876 4123 1011 4191 scriptura
1030 4120 1100 4174 nihil
1119 4120 1237 4184 affirm03
1257 4119 1352 4187 opinor

177 4218 268 4270 autem
292 4231 362 4269 nova
389 4215 589 4283 comparatione
616 4214 740 4267 instituta
763 4213 958 4266 dissensionem
983 4209 1119 4265 nonnullis
1143 4213 1213 4263 certe
1232 4210 1261 4263 in
1284 4207 1352 4262 locis

177 4306 314 4360 sublatum
333 4305 375 4359 iri.
