3044 4756
660 226 879 287 ..27--

186 410 217 466 et
239 401 437 466 Floridorum
469 403 630 485 editorem,
662 404 788 488 loseplri
819 404 963 468 Muelleri
991 404 1134 488 improba
1162 406 1362 488 neglegentia

184 510 305 572 facturn
330 515 384 572 est.
423 508 608 594 Kruegerus
633 521 738 574 tamen
763 513 795 573 in
820 511 1362 595 0011010001000000001100001,

184 635 258 680 cum
296 622 353 679 aut
392 636 504 680 omnes
550 617 650 691 locos,
698 638 779 701 quos
816 617 980 682 Victorius
1032 619 1212 702 exscripsit,
1254 619 1362 681 atl'erre
1467 636 1471 642 ·

185 722 326 804 deberet,
355 729 411 786 aut
438 743 491 787 eos
517 721 615 805 solos,
645 744 726 807 quos
755 724 793 787 ab
822 724 847 787 F
875 725 1051 809 discrepare
1079 726 1362 805 animadvertisset,

184 829 298 892 maluit
329 829 463 892 Victorii
501 831 677 893 lectionum
715 851 789 894 cum
823 830 848 893 F
880 833 1125 914 congruentium
1164 832 1290 896 delectu
1323 831 1362 893 ad

185 935 347 999 arbitrium
387 937 468 1000 facto
509 937 586 1000 alias
625 957 871 1001 commemorare
910 938 988 1001 alias
1029 941 1181 1003 omittere.
1243 940 1291 1002 lta
1328 939 1361 1000 in

184 1044 354 1127 Apologia,
389 1064 485 1126 quam
510 1044 673 1108 Victorius
702 1045 766 1108 fere
795 1047 859 1108 850
891 1046 969 1108 locis
998 1048 1148 1127 correxit,
1176 1045 1361 1128 Kruegcrus

186 1169 250 1212 non
292 1151 355 1213 nisi
396 1151 436 1213 ad
479 1151 543 1214 400
583 1151 717 1214 Victorii
759 1157 849 1215 notas
893 1155 1049 1235 apposuit.
1117 1153 1250 1217 Accedit
1287 1171 1362 1214 vero

185 1257 282 1320 altera
319 1258 426 1320 nescio
462 1278 501 1320 an
535 1260 661 1341 gravior
693 1260 830 1336 incuria,
869 1279 933 1342 qua
966 1261 1017 1324 vel
1055 1262 1110 1324 has
1143 1261 1362 1324 adnotationes

186 1361 371 1447 Kruegerus
409 1365 569 1428 erroribus
604 1366 713 1428 multis
746 1366 937 1449 inquinavit
951 1370 972 1446 ¹)
1028 1367 1125 1449 Nam,
1161 1372 1195 1430 01
1226 1366 1364 1429 breviter

186 1471 390 1554 complectar,
420 1491 502 1555 quae
530 1473 674 1555 peccavit
700 1473 766 1553 ille,
794 1473 980 1537 undevicies
1004 1475 1033 1535 V
1057 1495 1113 1558 pro
1136 1496 1170 1556 v,
1195 1472 1362 1536 duodecim

186 1577 262 1641 locis
291 1599 311 1638 v
339 1598 395 1661 pro
424 1578 454 1638 V
482 1581 602 1662 posuit,
634 1579 869 1662 duodetriginta
897 1580 1007 1643 falsam
1031 1581 1164 1644 Victorii
1194 1580 1361 1644 lectionem

186 1686 331 1768 protulit,
360 1686 542 1768 quindecim
572 1686 706 1750 Victorii
737 1693 1044 1764 correcturamncn
1076 1688 1248 1768 intellexit,
1272 1705 1363 1750 scru-
1421 1725 1431 1744 .

186 1792 275 1874 ginta
292 1792 357 1855 fere
376 1792 566 1857 Vioentinae
589 1793 685 1857 verba
704 1814 769 1856 non
790 1795 865 1857 satis
886 1795 1030 1858 accurate
1050 1796 1214 1878 expressit.
1248 1794 1363 1876 ltaque

186 1903 311 1961 tantum
336 1899 428 1981 afuit,
452 1905 489 1963 ut
507 1902 643 1964 enotatis
662 1901 730 1964 suis
750 1902 871 1983 copiam
891 1901 1003 1964 lectori
1021 1903 1137 1965 faceret
1158 1902 1197 1965 de
1216 1900 1362 1983 exemplo

186 2004 370 2069 Victoriano
390 2007 562 2089 iudicandi,
590 2013 628 2070 ut
655 2009 724 2071 eius
750 2008 905 2071 rationem
929 2009 1030 2092 magis
1054 2008 1241 2072 obscurasse
1256 2026 1363 2089 quani

151 2196 155 2200 μ
186 2112 362 2177 illustrasse
404 2115 583 2177 censendus
626 2116 674 2178 sit.
730 2116 792 2179 Sed
833 2116 910 2179 haec
948 2117 1110 2180 hactenus.
1161 2115 1229 2178 Iam
1263 2114 1362 2176 huius

187 2222 529 2284 commentatiunculae
560 2222 658 2285 finem
691 2222 861 2303 faciamus,
892 2244 956 2306 qua
983 2224 1136 2287 lectiones
1163 2223 1362 2285 Victorianus

188 2347 205 2390 e
230 2328 337 2391 codice
360 2327 385 2390 F
410 2328 595 2411 desumptas
624 2348 693 2392 esse
724 2331 799 2393 satis
828 2350 989 2413 superque
1013 2331 1246 2396 demonstrasse
1270 2327 1363 2391 nobis

188 2435 344 2498 videmur.

623 2787 858 2862 Particula
889 2789 927 2860 ll.

466 2935 507 3012 lle
536 2937 756 3013 correctoribus
785 2936 917 3013 codicum
948 2937 967 3012 f
995 2946 1026 3013 01
1054 2958 1087 3012 r.

279 3076 437 3152 Quoniam
472 3078 603 3142 uberius
637 3079 925 3162 comprobavimus,
958 3080 1098 3142 codicem
1131 3077 1363 3154 victorianum,

190 3186 245 3266 qui
266 3184 393 3265 dicitur,
417 3185 553 3248 eundern
575 3206 649 3248 cum
670 3185 695 3248 F
714 3205 793 3267 esse,
811 3188 876 3248 iam
895 3187 1022 3249 alteram
1043 3186 1263 3268 quaestionem
1284 3204 1363 3246 non-

190 3291 265 3354 dum
300 3291 338 3354 ab
368 3292 438 3356 aliis
467 3299 722 3356 consummatam
748 3295 968 3372 instituamus,
1001 3312 1083 3375 quae
1109 3292 1363 3355 0010000000-

189 3399 311 3461 toribus
335 3399 482 3462 codicum
501 3399 526 3462 F
546 3402 662 3480 0101)
705 3399 808 3475 Quam
829 3401 913 3482 quod
934 3402 1064 3462 omuino
1085 3399 1246 3481 suscipere
1265 3399 1363 3478 licuit,

281 3559 305 3627 l)
326 3557 400 3623 Quod
421 3576 451 3612 00
470 3560 560 3612 minus
580 3559 713 3628 suspicari
731 3559 815 3626 licuit,
835 3575 888 3627 quo
907 3559 1058 3612 accuratius
1078 3558 1214 3611 interdum
1234 3557 1363 3610 minutias

189 3647 298 3701 indicat.
336 3649 505 3715 Ap.19,4u·
523 3654 572 3716 0ος
591 3649 670 3717 4413
689 3645 822 3724 iustrucl'
841 3649 902 3717 (hcc
921 3648 1110 3716 compendium
1129 3649 1155 3698 10
1176 3663 1191 3697 0
1212 3645 1363 3711 sexcenties

190 3736 330 3805 00000·11);
354 3735 431 3804 88,11
453 3739 498 3803 αῖ,·
520 3737 770 3806 88,15uas;89,1
792 3742 885 3792 01000,
923 3737 1015 3791 Falsas
1039 3736 1166 3789 lectiones
1185 3733 1310 3802 protulit:
1335 3734 1362 3786 in

190 3844 206 3877 v
226 3825 281 3880 lius
301 3843 324 3893 p.
338 3825 430 3893 89,13;
450 3827 524 3894 93,1;
545 3827 719 3896 96,6·,96,21.
750 3827 845 3893 luens
858 3844 876 3879 0
890 3839 1057 3893 0000000ος
1073 3826 1136 3891 (000
1152 3824 1362 3892 qualiacunque).

278 3915 305 3983 2)
325 3914 519 3969 Disseruerunt
542 3918 574 3970 de
597 3918 648 3972 hac
672 3933 700 3970 re
724 3918 802 3971 acute
820 3915 1018 3984 Lueq'ohannes
1041 3914 1069 3965 in
1093 3913 1160 3967 actis
1184 3913 1276 3966 societ.
1297 3912 1363 3980 phil.

188 4005 261 4074 Lips.
286 4009 348 4060 tom.
372 4004 426 4072 III,
455 4022 480 4073 p.
500 4006 552 4059 445
576 4023 634 4075 sqq.
657 4008 684 4058 et
707 4005 911 4074 Petschenigius
930 4005 957 4056 in
983 4004 1093 4056 llsicucr
1114 4002 1233 4057 Studien
1253 4002 1317 4056 anni
1336 4002 1362 4055 h.

189 4111 257 4150 saec.
276 4096 420 4166 LXXXII,
438 4114 464 4165 p.
485 4095 536 4150 136
556 4112 613 4165 sqq.

277 4185 413 4254 Inquisivi
437 4187 464 4239 in
484 4186 629 4255 Apologiae
653 4185 838 4239 tantummodo
857 4183 998 4250 lectiones,
1025 4183 1097 4251 quod
1122 4182 1207 4236 eidem
1230 4179 1362 4234 1011010-

178 4275 376 4344 Ι0010110011)οε
396 4279 423 4330 01
441 4276 564 4343 Floridis,
584 4276 630 4345 qui
649 4276 678 4328 iu
697 4274 835 4344 Apologia,
855 4276 1016 4327 correctores
1036 4276 1107 4326 sunt.
