3044 4756
648 174 865 266 -pss-

170 381 262 458 leiuS,
279 386 316 443 ut
331 399 403 444 mee
418 383 524 464 opinio
543 382 617 445 fert:
638 433 644 444 .
662 432 689 444 ..
710 382 834 446 ruinas
852 386 959 463 potens
979 387 1008 446 et
1025 383 1110 447 dines
1124 384 1347 452 ennoean.

170 489 217 551 Is
236 495 274 552 et
287 490 520 567 prosapiae
538 489 677 570 pluria
699 488 780 552 nate
797 493 887 553 attens
906 489 1086 569 pollensque
1107 489 1297 570 factionibus
1319 498 1348 557 et

172 598 284 657 carrecta
306 593 402 675 facite
423 595 545 675 taciens
568 596 602 657 in
626 596 749 658 ciuitate
771 595 875 659 nostitr'
892 596 981 659 rnodo
1000 645 1006 657 .
1079 597 1289 661 incursabat.
1311 649 1317 661 .
1338 650 1345 661 .

172 703 210 764 In
244 702 294 764 his
326 721 367 764 ne
390 721 426 765 eo
455 701 639 782 offendaris,
672 703 759 785 quod
787 707 822 766 at
844 704 926 765 eninr
955 703 1063 766 referri
1096 705 1209 785 nequit
1235 707 1274 767 ad
1296 708 1346 769 in·

171 806 331 884 cursabat,
366 828 429 890 quo
460 811 587 891 proprie
620 816 754 892 spectat,
786 811 941 873 evincunt
967 809 1127 892 exempla,
1150 811 1348 893 Appuleium

171 915 334 977 interdum
357 916 488 977 relativo
508 917 695 998 pronomine
715 918 833 979 omisso
854 918 1018 979 enuntiata
1041 918 1134 979 iuxta
1156 919 1313 999 posuisse.
1326 922 1347 997 ¹)

260 1021 339 1084 Flor.
361 1024 412 1101 32,
432 1024 481 1084 20.
511 1021 716 1101 Asclepiades
736 1075 741 1086 .
758 1020 768 1084 “.
787 1023 924 1102 propius
948 1024 1084 1101 accessit,
1108 1028 1149 1086 nt
1170 1024 1347 1103 incopno·

171 1133 291 1191 sceret
308 1149 391 1191 neore
409 1130 565 1210 inpendi,²)
585 1130 733 1208 quisnam
756 1134 843 1205 esset,
872 1131 1021 1209 peroniano
1037 1131 1238 1208 percontanti
1260 1151 1348 1196 nemo

170 1236 389 1314 responderat:
401 1256 445 1299 an
458 1256 528 1299 uero
547 1240 587 1298 nt
600 1237 613 1298 i
613 1257 683 1315 pse
698 1235 823 1316 aliquid
835 1237 871 1298 in
885 1236 938 1299 ,ppo
954 1257 992 1299 erc
1007 1240 1074 1298 arte
1091 1235 1348 1316 reprehenderet?

170 1345 249 1405 certe
271 1342 396 1421 qrrtdern
419 1343 534 1405 iacenti
556 1341 676 1405 teon-int
698 1363 736 1405 ac
755 1363 855 1422 prope
878 1343 1013 1422 deposito
1044 1343 1165 1424 saturn
1196 1343 1345 1407 attulit.

173 1448 226 1511 Sic
248 1448 274 1511 F
297 1470 329 1522 φ.
374 1447 459 1510 Loco
484 1469 502 1511 a
524 1449 635 1512 multis
659 1455 808 1531 temptato
818 1452 855 1531 ³),
880 1471 898 1512 o
925 1450 1053 1513 nemine
1077 1449 1154 1513 dum
1183 1451 1345 1517 emendato

171 1555 235 1618 leni
246 1555 384 1637 remedio
397 1555 652 1618 subveniendum
663 1564 723 1619 est:
734 1557 759 1635 4)
769 1554 836 1620 art
846 1562 1114 1637 capnosceret.
1132 1555 1348 1619 Offensionem

172 1681 247 1724 vero
275 1681 340 1724 non
364 1663 530 1742 minorem,
554 1682 636 1744 quae
660 1671 708 1726 est
730 1665 762 1725 in
782 1663 929 1726 versibus
952 1662 1149 1745 paulopost
1176 1665 1348 1745 insequen-

175 1767 272 1850 tibus,
296 1788 389 1831 nemo
413 1770 518 1851 attigit
540 1777 664 1852 praeter
687 1769 866 1851 Brantium,
890 1771 946 1852 qui
969 1769 1123 1832 vocabulo
1144 1790 1208 1833 uno
1233 1770 1348 1851 addito,

175 1876 340 1938 nonnuliis
360 1879 571 1954 commutatis,
591 1896 672 1958 quae
692 1896 797 1958 neque
816 1897 835 1938 a
853 1878 1010 1940 sententia
1030 1895 1134 1958 neque
1153 1876 1191 1938 ab
1205 1878 1349 1940 oratione

175 1982 302 2064 probari
330 1984 461 2064 possint,
485 1985 625 2046 restituit
654 1984 816 2046 adseverat
842 1985 909 2063 ipse
935 1984 999 2047 oiri
1022 1982 1145 2062 aliquid
1170 1983 1206 2046 in
1232 1982 1287 2046 au
1311 2005 1350 2047 cn

172 2093 240 2151 arte
263 2088 493 2167 deprehendere.
526 2089 598 2152 Nisi
619 2110 668 2152 me
688 2091 796 2172 opinio
820 2091 907 2171 fallit,
931 2091 1019 2153 locus
1044 2091 1090 2152 sie
1114 2091 1220 2172 potius
1240 2109 1348 2153 emen-

173 2196 296 2257 dandus
321 2202 381 2258 est:
405 2217 450 2258 an
472 2216 542 2259 oero
565 2198 632 2260 ortt
664 2198 881 2276 spiritw)
910 2196 1035 2276 aliquid
1064 2196 1100 2259 r'n
1128 2195 1183 2260 itto
1215 2217 1253 2260 en
1280 2201 1349 2260 arte

173 2301 431 2381 rirprclrendcret?
455 2323 523 2385 sqq.
570 2303 606 2365 In
633 2305 696 2383 eis,
726 2324 808 2385 quae
834 2311 1003 2379 secuntur,
1035 2302 1208 2383 Diltheyus
1232 2305 1349 2366 conicit

175 2408 379 2472 scribendum
399 2428 469 2472 esse
483 2412 641 2490 flatnrn
664 2413 821 2489 attulit,
846 2417 883 2474 nt
907 2411 986 2472 mihi
1004 2411 1139 2485 videtur,
1162 2409 1346 2472 rectissime.

263 2640 289 2708 1)
309 2639 430 2693 utuild.
451 2640 485 2693 ad
499 2640 560 2693 Met.
580 2640 601 2708 I,
612 2641 646 2693 25
676 2639 830 2692 naconstro
849 2638 1018 2691 seniculum:
1041 2638 1073 2689 ia
1098 2638 1204 2706 anpnto
1228 2636 1346 2692 sedebat.

172 2731 208 2797 Π,
229 2729 270 2782 21.
290 2729 339 2794 HI,
359 2731 383 2782 7.
403 2730 436 2781 de
456 2730 543 2797 dogm.
563 2728 632 2783 Plut.
652 2746 673 2783 e.
696 2729 736 2782 19.

264 2819 289 2884 2)
310 2818 398 2871 Verba
417 2821 542 2885 corrupta
561 2821 635 2885 sunt,
655 2818 870 2871 emendationem
893 2832 947 2869 non
965 2816 1065 2870 inveni.
1103 2814 1221 2882 Requiro
1241 2817 1347 2868 senten·

173 2909 240 2960 tiam
268 2907 416 2975 oppositam
443 2909 594 2975 proximae,
621 2907 753 2972 arcaniora
771 2906 952 2972 percontanti
979 2920 1057 2956 nemo
1084 2904 1278 2970 responderat:
1303 2903 1348 2956 vel

174 2997 232 3049 suis
252 2996 338 3049 oculis
357 2996 401 3048 vel
420 2996 516 3049 simile.

264 3086 291 3154 3)
311 3085 463 3138 Groslotius
482 3084 593 3152 scripsit
615 3088 648 3135 nt
665 3083 730 3135 inde
749 3089 933 3150 capnosccrct,
958 3082 1165 3150 Oudendorpius
1182 3087 1215 3134 nt
1232 3097 1267 3134 ne
1285 3097 1347 3149 cop-

176 3181 311 3228 aosccrct.
331 3175 486 3242 Kruegerns
505 3180 538 3227 nt
555 3174 612 3240 ipsc
631 3177 814 3240 capnoscerct,
837 3171 984 3226 Muellerus
1002 3178 1036 3224 nt
1053 3176 1231 3239 capnosccrct.

264 3265 291 3322 4)
312 3265 368 3316 iam
388 3263 543 3330 occupavit,
567 3265 598 3314 ut
617 3265 710 3330 postea
728 3261 798 3329 vidi,
824 3261 1025 3315 Goldbacherus
1048 3260 1117 3314 hanc
1136 3258 1347 3314 emendationem

173 3354 200 3404 iu
229 3353 257 3405 u.
277 3353 293 3406 f.
314 3353 338 3406 o.
359 3355 382 3405 o.
402 3351 432 3405 e.
453 3368 468 3404 a
489 3352 565 3417 rso-r,
585 3369 610 3420 p.
630 3350 690 3405 572.
1243 3337 1247 3345 '

263 3442 290 3509 ir)
309 3441 394 3494 Plena
417 3442 551 3508 scriptura
572 3457 619 3509 pro
639 3439 796 3508 compendio
820 3439 849 3491 in
872 3438 1011 3492 codicibus
1035 3438 1210 3506 Appuleiams
1238 3437 1347 3505 saepius

175 3529 295 3583 ordiribito
315 3533 371 3596 sps.
