<?xml version="1.0" encoding="UTF-8"?>
<!DOCTYPE html PUBLIC "-//W3C//DTD XHTML 1.0 Transitional//EN"
    "http://www.w3.org/TR/xhtml1/DTD/xhtml1-transitional.dtd">
<html xmlns="http://www.w3.org/1999/xhtml" xml:lang="en" lang="en">
 <head>
  <title>
</title>
<meta http-equiv="Content-Type" content="text/html;charset=utf-8" />
  <meta name='ocr-system' content='tesseract 3.04.00' />
  <meta name='ocr-capabilities' content='ocr_page ocr_carea ocr_par ocr_line ocrx_word'/>
</head>
<body>
  <div class='ocr_page' id='page_1' title='image "./quaestionesappu00beytgoog_0072.png"; bbox 0 0 3044 4756; ppageno 0'>
   <div class='ocr_carea' id='block_1_1' title="bbox 650 190 868 294">
    <p class='ocr_par' dir='ltr' id='par_1_1' title="bbox 650 190 868 294">
     <span class='ocr_line' id='line_1_1' title="bbox 650 190 868 294; baseline 0.005 -17"><span class='ocrx_word' id='word_1_1' title='bbox 650 269 690 277; x_wconf 75' lang='grc'>-.</span> <span class='ocrx_word' id='word_1_2' title='bbox 739 190 868 294; x_wconf 69' lang='grc'>65-</span> 
     </span>
    </p>
   </div>
   <div class='ocr_carea' id='block_1_2' title="bbox 149 409 1349 3699">
    <p class='ocr_par' dir='ltr' id='par_1_2' title="bbox 149 409 1349 3699">
     <span class='ocr_line' id='line_1_2' title="bbox 172 409 1345 495; baseline 0 -22"><span class='ocrx_word' id='word_1_3' title='bbox 172 410 322 483; x_wconf 83' lang='lat' dir='ltr'>adsecuti.</span> <span class='ocrx_word' id='word_1_4' title='bbox 372 409 528 490; x_wconf 86' lang='lat' dir='ltr'>Rohdius,</span> <span class='ocrx_word' id='word_1_5' title='bbox 552 431 626 473; x_wconf 93' lang='lat' dir='ltr'>cum</span> <span class='ocrx_word' id='word_1_6' title='bbox 653 410 812 491; x_wconf 73' lang='lat' dir='ltr'><em>prosapia</em></span> <span class='ocrx_word' id='word_1_7' title='bbox 834 411 991 474; x_wconf 86' lang='lat' dir='ltr'>raaiorraa</span> <span class='ocrx_word' id='word_1_8' title='bbox 1017 413 1075 473; x_wconf 90' lang='lat' dir='ltr'>vix</span> <span class='ocrx_word' id='word_1_9' title='bbox 1103 417 1174 494; x_wconf 84' lang='lat' dir='ltr'>apte</span> <span class='ocrx_word' id='word_1_10' title='bbox 1202 412 1345 495; x_wconf 88' lang='lat' dir='ltr'>copulari</span> 
     </span>
     <span class='ocr_line' id='line_1_3' title="bbox 173 517 1346 599; baseline -0.001 -19"><span class='ocrx_word' id='word_1_11' title='bbox 173 519 334 597; x_wconf 75' lang='lat' dir='ltr'>sensisset,</span> <span class='ocrx_word' id='word_1_12' title='bbox 354 518 437 579; x_wconf 88' lang='lat' dir='ltr'>hanc</span> <span class='ocrx_word' id='word_1_13' title='bbox 456 518 614 580; x_wconf 85' lang='lat' dir='ltr'>enuntiati</span> <span class='ocrx_word' id='word_1_14' title='bbox 630 519 796 599; x_wconf 87' lang='lat' dir='ltr'>pristinam</span> <span class='ocrx_word' id='word_1_15' title='bbox 813 517 1094 580; x_wconf 90' lang='lat' dir='ltr'>conformationem</span> <span class='ocrx_word' id='word_1_16' title='bbox 1110 518 1210 591; x_wconf 83' lang='lat' dir='ltr'>tuisse</span> <span class='ocrx_word' id='word_1_17' title='bbox 1226 524 1346 581; x_wconf 87' lang='lat' dir='ltr'>censet:</span> 
     </span>
     <span class='ocr_line' id='line_1_4' title="bbox 171 623 1347 705; baseline 0.001 -19"><span class='ocrx_word' id='word_1_18' title='bbox 171 624 293 687; x_wconf 79' lang='lat' dir='ltr'>iteneris</span> <span class='ocrx_word' id='word_1_19' title='bbox 316 628 345 686; x_wconf 85' lang='lat' dir='ltr'>el</span> <span class='ocrx_word' id='word_1_20' title='bbox 361 623 543 703; x_wconf 72' lang='lat' dir='ltr'>splendidae</span> <span class='ocrx_word' id='word_1_21' title='bbox 555 625 736 704; x_wconf 89' lang='lat' dir='ltr'>prosapiae.</span> <span class='ocrx_word' id='word_1_22' title='bbox 783 623 847 686; x_wconf 88' lang='lat' dir='ltr'>Hic</span> <span class='ocrx_word' id='word_1_23' title='bbox 865 625 1022 687; x_wconf 84' lang='lat' dir='ltr'>maloram</span> <span class='ocrx_word' id='word_1_24' title='bbox 1037 623 1141 705; x_wconf 82' lang='lat' dir='ltr'>ploria</span> <span class='ocrx_word' id='word_1_25' title='bbox 1159 624 1240 687; x_wconf 82' lang='lat' dir='ltr'>orale</span> <span class='ocrx_word' id='word_1_26' title='bbox 1257 629 1347 688; x_wconf 73' lang='lat' dir='ltr'>atera</span> 
     </span>
     <span class='ocr_line' id='line_1_5' title="bbox 172 729 1347 813; baseline -0.001 -19"><span class='ocrx_word' id='word_1_27' title='bbox 172 751 253 813; x_wconf 81' lang='lat' dir='ltr'>sqq,</span> <span class='ocrx_word' id='word_1_28' title='bbox 277 750 358 812; x_wconf 85' lang='lat' dir='ltr'>quae</span> <span class='ocrx_word' id='word_1_29' title='bbox 383 732 565 794; x_wconf 89' lang='lat' dir='ltr'>coniectura</span> <span class='ocrx_word' id='word_1_30' title='bbox 584 741 668 794; x_wconf 92' lang='lat' dir='ltr'>certe</span> <span class='ocrx_word' id='word_1_31' title='bbox 687 731 764 794; x_wconf 87' lang='lat' dir='ltr'>falsa</span> <span class='ocrx_word' id='word_1_32' title='bbox 783 738 839 794; x_wconf 91' lang='lat' dir='ltr'>est.</span> <span class='ocrx_word' id='word_1_33' title='bbox 880 729 962 793; x_wconf 91' lang='lat' dir='ltr'>Nam</span> <span class='ocrx_word' id='word_1_34' title='bbox 982 740 1019 794; x_wconf 94' lang='lat' dir='ltr'>ut</span> <span class='ocrx_word' id='word_1_35' title='bbox 1038 732 1161 811; x_wconf 68' lang='lat' dir='ltr'>demus</span> <span class='ocrx_word' id='word_1_36' title='bbox 1183 731 1347 794; x_wconf 87' lang='lat' dir='ltr'>librarium</span> 
     </span>
     <span class='ocr_line' id='line_1_6' title="bbox 171 837 1348 920; baseline 0.003 -24"><span class='ocrx_word' id='word_1_37' title='bbox 171 837 278 900; x_wconf 90' lang='lat' dir='ltr'>verbis</span> <span class='ocrx_word' id='word_1_38' title='bbox 296 837 418 900; x_wconf 82' lang='lat' dir='ltr'>iiooeais</span> <span class='ocrx_word' id='word_1_39' title='bbox 442 843 470 900; x_wconf 86' lang='lat' dir='ltr'>el</span> <span class='ocrx_word' id='word_1_40' title='bbox 490 837 672 916; x_wconf 72' lang='lat' dir='ltr'>splendidae</span> <span class='ocrx_word' id='word_1_41' title='bbox 688 839 869 917; x_wconf 72' lang='lat' dir='ltr'>prosapiae.</span> <span class='ocrx_word' id='word_1_42' title='bbox 904 837 968 900; x_wconf 87' lang='lat' dir='ltr'>Hic</span> <span class='ocrx_word' id='word_1_43' title='bbox 986 838 1142 900; x_wconf 85' lang='lat' dir='ltr'>maiorara</span> <span class='ocrx_word' id='word_1_44' title='bbox 1161 857 1230 919; x_wconf 89' lang='lat' dir='ltr'>sqq.</span> <span class='ocrx_word' id='word_1_45' title='bbox 1250 857 1348 920; x_wconf 89' lang='lat' dir='ltr'>prava</span> 
     </span>
     <span class='ocr_line' id='line_1_7' title="bbox 172 944 1348 1026; baseline 0 -20"><span class='ocrx_word' id='word_1_46' title='bbox 172 944 349 1026; x_wconf 76' lang='lat' dir='ltr'>corrigendi</span> <span class='ocrx_word' id='word_1_47' title='bbox 381 945 512 1007; x_wconf 86' lang='lat' dir='ltr'>libidine</span> <span class='ocrx_word' id='word_1_48' title='bbox 546 945 751 1007; x_wconf 86' lang='lat' dir='ltr'>substituisse</span> <span class='ocrx_word' id='word_1_49' title='bbox 782 945 904 1007; x_wconf 79' lang='lat' dir='ltr'>irooeais</span> <span class='ocrx_word' id='word_1_50' title='bbox 937 949 966 1007; x_wconf 83' lang='lat' dir='ltr'>el</span> <span class='ocrx_word' id='word_1_51' title='bbox 990 945 1165 1023; x_wconf 75' lang='lat' dir='ltr'>prosapiae</span> <span class='ocrx_word' id='word_1_52' title='bbox 1191 945 1348 1007; x_wconf 71' lang='lat' dir='ltr'>maiorem</span> 
     </span>
     <span class='ocr_line' id='line_1_8' title="bbox 172 1051 1348 1134; baseline -0.002 -20"><span class='ocrx_word' id='word_1_53' title='bbox 172 1071 240 1133; x_wconf 90' lang='lat' dir='ltr'>sqq.</span> <span class='ocrx_word' id='word_1_54' title='bbox 273 1051 326 1113; x_wconf 86' lang='lat' dir='ltr'>vel</span> <span class='ocrx_word' id='word_1_55' title='bbox 363 1053 538 1114; x_wconf 90' lang='lat' dir='ltr'>orationem</span> <span class='ocrx_word' id='word_1_56' title='bbox 575 1052 716 1114; x_wconf 85' lang='lat' dir='ltr'>hiantem</span> <span class='ocrx_word' id='word_1_57' title='bbox 751 1053 796 1114; x_wconf 90' lang='lat' dir='ltr'>sic</span> <span class='ocrx_word' id='word_1_58' title='bbox 824 1052 1007 1134; x_wconf 75' lang='lat' dir='ltr'>explessel)</span> <span class='ocrx_word' id='word_1_59' title='bbox 1037 1089 1078 1097; x_wconf 94' lang='lat'>—</span> <span class='ocrx_word' id='word_1_60' title='bbox 1109 1052 1193 1134; x_wconf 90' lang='lat' dir='ltr'>quod</span> <span class='ocrx_word' id='word_1_61' title='bbox 1223 1058 1348 1114; x_wconf 92' lang='lat' dir='ltr'>utrum·-</span> 
     </span>
     <span class='ocr_line' id='line_1_9' title="bbox 174 1157 1347 1241; baseline -0.001 -21"><span class='ocrx_word' id='word_1_62' title='bbox 174 1177 236 1239; x_wconf 92' lang='lat' dir='ltr'>que</span> <span class='ocrx_word' id='word_1_63' title='bbox 274 1159 359 1220; x_wconf 90' lang='lat' dir='ltr'>haud</span> <span class='ocrx_word' id='word_1_64' title='bbox 397 1159 441 1220; x_wconf 86' lang='lat' dir='ltr'>ita</span> <span class='ocrx_word' id='word_1_65' title='bbox 474 1157 623 1221; x_wconf 86' lang='lat' dir='ltr'>credibile</span> <span class='ocrx_word' id='word_1_66' title='bbox 656 1164 704 1221; x_wconf 89' lang='lat' dir='ltr'>est</span> <span class='ocrx_word' id='word_1_67' title='bbox 733 1195 787 1239; x_wconf 74' lang='lat'>—‚</span> <span class='ocrx_word' id='word_1_68' title='bbox 825 1159 1023 1241; x_wconf 90' lang='lat' dir='ltr'>Appuleium</span> <span class='ocrx_word' id='word_1_69' title='bbox 1057 1166 1121 1221; x_wconf 85' lang='lat' dir='ltr'>tam</span> <span class='ocrx_word' id='word_1_70' title='bbox 1155 1159 1347 1220; x_wconf 81' lang='lat' dir='ltr'>inconcinne</span> 
     </span>
     <span class='ocr_line' id='line_1_10' title="bbox 149 1265 1348 1348; baseline -0.001 -21"><span class='ocrx_word' id='word_1_71' title='bbox 149 1271 152 1276; x_wconf 84' lang='lat'>&#39;</span> <span class='ocrx_word' id='word_1_72' title='bbox 174 1266 340 1347; x_wconf 86' lang='lat' dir='ltr'>scripsisse</span> <span class='ocrx_word' id='word_1_73' title='bbox 369 1266 402 1327; x_wconf 92' lang='lat' dir='ltr'>in</span> <span class='ocrx_word' id='word_1_74' title='bbox 426 1265 556 1347; x_wconf 87' lang='lat' dir='ltr'>periodo</span> <span class='ocrx_word' id='word_1_75' title='bbox 580 1267 766 1348; x_wconf 84' lang='lat' dir='ltr'>ceteroquin</span> <span class='ocrx_word' id='word_1_76' title='bbox 794 1285 975 1346; x_wconf 83' lang='lat' dir='ltr'>numerosa,</span> <span class='ocrx_word' id='word_1_77' title='bbox 999 1286 1093 1329; x_wconf 89' lang='lat' dir='ltr'>nemo</span> <span class='ocrx_word' id='word_1_78' title='bbox 1117 1266 1195 1327; x_wconf 91' lang='lat' dir='ltr'>mihi</span> <span class='ocrx_word' id='word_1_79' title='bbox 1219 1283 1348 1346; x_wconf 91' lang='lat' dir='ltr'>persua-</span> 
     </span>
     <span class='ocr_line' id='line_1_11' title="bbox 174 1370 1348 1455; baseline 0 -23"><span class='ocrx_word' id='word_1_80' title='bbox 174 1370 266 1435; x_wconf 85' lang='lat' dir='ltr'>debit.</span> <span class='ocrx_word' id='word_1_81' title='bbox 319 1371 399 1434; x_wconf 83' lang='lat' dir='ltr'>Oum</span> <span class='ocrx_word' id='word_1_82' title='bbox 424 1372 507 1433; x_wconf 88' lang='lat' dir='ltr'>hanc</span> <span class='ocrx_word' id='word_1_83' title='bbox 534 1374 635 1454; x_wconf 84' lang='lat' dir='ltr'>ipsam</span> <span class='ocrx_word' id='word_1_84' title='bbox 667 1373 706 1434; x_wconf 91' lang='lat' dir='ltr'>ob</span> <span class='ocrx_word' id='word_1_85' title='bbox 738 1391 877 1452; x_wconf 83' lang='lat' dir='ltr'>causam,</span> <span class='ocrx_word' id='word_1_86' title='bbox 905 1376 974 1434; x_wconf 91' lang='lat' dir='ltr'>tum</span> <span class='ocrx_word' id='word_1_87' title='bbox 1002 1378 1131 1455; x_wconf 88' lang='lat' dir='ltr'>propter</span> <span class='ocrx_word' id='word_1_88' title='bbox 1157 1371 1348 1433; x_wconf 89' lang='lat' dir='ltr'>insolentem</span> 
     </span>
     <span class='ocr_line' id='line_1_12' title="bbox 172 1477 1349 1561; baseline -0.001 -22"><span class='ocrx_word' id='word_1_89' title='bbox 172 1479 371 1559; x_wconf 89' lang='lat' dir='ltr'>pronominis</span> <span class='ocrx_word' id='word_1_90' title='bbox 400 1479 525 1541; x_wconf 84' lang='lat' dir='ltr'>relativi</span> <span class='ocrx_word' id='word_1_91' title='bbox 555 1479 791 1542; x_wconf 91' lang='lat' dir='ltr'>collocationem</span> <span class='ocrx_word' id='word_1_92' title='bbox 803 1480 826 1559; x_wconf 74' lang='grc'>2)</span> <span class='ocrx_word' id='word_1_93' title='bbox 860 1480 1093 1561; x_wconf 88' lang='lat' dir='ltr'>repudiandum</span> <span class='ocrx_word' id='word_1_94' title='bbox 1123 1484 1171 1541; x_wconf 90' lang='lat' dir='ltr'>est</span> <span class='ocrx_word' id='word_1_95' title='bbox 1198 1477 1349 1540; x_wconf 89' lang='lat' dir='ltr'>Bursiani</span> 
     </span>
     <span class='ocr_line' id='line_1_13' title="bbox 175 1584 1348 1667; baseline -0.002 -22"><span class='ocrx_word' id='word_1_96' title='bbox 175 1589 407 1666; x_wconf 83' lang='lat' dir='ltr'>commentum,</span> <span class='ocrx_word' id='word_1_97' title='bbox 441 1587 497 1667; x_wconf 91' lang='lat' dir='ltr'>qui</span> <span class='ocrx_word' id='word_1_98' title='bbox 528 1586 574 1647; x_wconf 90' lang='lat' dir='ltr'>sic</span> <span class='ocrx_word' id='word_1_99' title='bbox 601 1585 663 1666; x_wconf 84' lang='lat' dir='ltr'>legi</span> <span class='ocrx_word' id='word_1_100' title='bbox 691 1586 774 1649; x_wconf 89' lang='lat' dir='ltr'>vult:</span> <span class='ocrx_word' id='word_1_101' title='bbox 808 1585 889 1648; x_wconf 81' lang='lat' dir='ltr'>reale</span> <span class='ocrx_word' id='word_1_102' title='bbox 915 1589 1018 1665; x_wconf 83' lang='lat' dir='ltr'>aleas,</span> <span class='ocrx_word' id='word_1_103' title='bbox 1044 1584 1168 1663; x_wconf 87' lang='lat' dir='ltr'>polleas</span> <span class='ocrx_word' id='word_1_104' title='bbox 1195 1585 1251 1664; x_wconf 84' lang='lat' dir='ltr'>qai</span> <span class='ocrx_word' id='word_1_105' title='bbox 1280 1604 1348 1666; x_wconf 90' lang='lat' dir='ltr'>sqq.</span> 
     </span>
     <span class='ocr_line' id='line_1_14' title="bbox 174 1689 1348 1775; baseline 0 -23"><span class='ocrx_word' id='word_1_106' title='bbox 174 1689 340 1754; x_wconf 87' lang='lat' dir='ltr'>Praeterea</span> <span class='ocrx_word' id='word_1_107' title='bbox 371 1693 473 1774; x_wconf 90' lang='lat' dir='ltr'>siquis</span> <span class='ocrx_word' id='word_1_108' title='bbox 501 1692 552 1754; x_wconf 88' lang='lat' dir='ltr'>vel</span> <span class='ocrx_word' id='word_1_109' title='bbox 580 1691 738 1755; x_wconf 85' lang='lat' dir='ltr'>Bursianc</span> <span class='ocrx_word' id='word_1_110' title='bbox 768 1692 980 1775; x_wconf 81' lang='lat' dir='ltr'>adstipuletur</span> <span class='ocrx_word' id='word_1_111' title='bbox 1007 1693 1059 1753; x_wconf 90' lang='lat' dir='ltr'>vel</span> <span class='ocrx_word' id='word_1_112' title='bbox 1088 1711 1161 1754; x_wconf 92' lang='lat' dir='ltr'>cum</span> <span class='ocrx_word' id='word_1_113' title='bbox 1191 1692 1348 1754; x_wconf 88' lang='lat' dir='ltr'>Guilelmu</span> 
     </span>
     <span class='ocr_line' id='line_1_15' title="bbox 173 1795 1349 1882; baseline 0.002 -24"><span class='ocrx_word' id='word_1_114' title='bbox 173 1795 302 1878; x_wconf 85' lang='lat' dir='ltr'>Meyero</span> <span class='ocrx_word' id='word_1_115' title='bbox 331 1800 504 1862; x_wconf 88' lang='lat' dir='ltr'>immanem</span> <span class='ocrx_word' id='word_1_116' title='bbox 532 1801 697 1882; x_wconf 84' lang='lat' dir='ltr'>periodum</span> <span class='ocrx_word' id='word_1_117' title='bbox 727 1801 771 1862; x_wconf 90' lang='lat' dir='ltr'>ita</span> <span class='ocrx_word' id='word_1_118' title='bbox 799 1802 984 1882; x_wconf 85' lang='lat' dir='ltr'>perdomare</span> <span class='ocrx_word' id='word_1_119' title='bbox 1013 1801 1101 1862; x_wconf 89' lang='lat' dir='ltr'>etin</span> <span class='ocrx_word' id='word_1_120' title='bbox 1125 1799 1267 1860; x_wconf 87' lang='lat' dir='ltr'>membra</span> <span class='ocrx_word' id='word_1_121' title='bbox 1291 1818 1349 1861; x_wconf 87' lang='lat' dir='ltr'>sua</span> 
     </span>
     <span class='ocr_line' id='line_1_16' title="bbox 174 1903 1348 1989; baseline 0.002 -25"><span class='ocrx_word' id='word_1_122' title='bbox 174 1903 314 1986; x_wconf 85' lang='lat' dir='ltr'>digerere</span> <span class='ocrx_word' id='word_1_123' title='bbox 338 1911 477 1988; x_wconf 79' lang='lat' dir='ltr'>temptet,</span> <span class='ocrx_word' id='word_1_124' title='bbox 502 1913 538 1970; x_wconf 88' lang='lat' dir='ltr'>ut</span> <span class='ocrx_word' id='word_1_125' title='bbox 561 1913 633 1969; x_wconf 90' lang='lat' dir='ltr'>aute</span> <span class='ocrx_word' id='word_1_126' title='bbox 647 1909 820 1987; x_wconf 85' lang='lat' dir='ltr'>prosapiae</span> <span class='ocrx_word' id='word_1_127' title='bbox 837 1908 957 1968; x_wconf 88' lang='lat' dir='ltr'>inserat</span> <span class='ocrx_word' id='word_1_128' title='bbox 974 1925 1150 1989; x_wconf 90' lang='lat' dir='ltr'>pronomen</span> <span class='ocrx_word' id='word_1_129' title='bbox 1169 1905 1348 1984; x_wconf 82' lang='lat' dir='ltr'>relativum,</span> 
     </span>
     <span class='ocr_line' id='line_1_17' title="bbox 172 2012 1348 2096; baseline 0.001 -24"><span class='ocrx_word' id='word_1_130' title='bbox 172 2013 348 2075; x_wconf 90' lang='lat' dir='ltr'>verendum</span> <span class='ocrx_word' id='word_1_131' title='bbox 369 2021 427 2093; x_wconf 75' lang='lat' dir='ltr'>est,</span> <span class='ocrx_word' id='word_1_132' title='bbox 450 2033 490 2076; x_wconf 93' lang='lat' dir='ltr'>ue</span> <span class='ocrx_word' id='word_1_133' title='bbox 509 2020 632 2096; x_wconf 88' lang='lat' dir='ltr'>praeter</span> <span class='ocrx_word' id='word_1_134' title='bbox 649 2016 804 2078; x_wconf 90' lang='lat' dir='ltr'>rationem</span> <span class='ocrx_word' id='word_1_135' title='bbox 825 2015 1029 2076; x_wconf 88' lang='lat' dir='ltr'>enuntiatum</span> <span class='ocrx_word' id='word_1_136' title='bbox 1048 2012 1142 2074; x_wconf 88' lang='lat' dir='ltr'>faciat</span> <span class='ocrx_word' id='word_1_137' title='bbox 1160 2013 1348 2095; x_wconf 89' lang='lat' dir='ltr'>primarium</span> 
     </span>
     <span class='ocr_line' id='line_1_18' title="bbox 173 2118 1348 2204; baseline 0.001 -26"><span class='ocrx_word' id='word_1_138' title='bbox 173 2138 242 2179; x_wconf 85' lang='lat' dir='ltr'>eam</span> <span class='ocrx_word' id='word_1_139' title='bbox 263 2121 462 2198; x_wconf 72' lang='lat' dir='ltr'>seutentiam,</span> <span class='ocrx_word' id='word_1_140' title='bbox 482 2140 563 2202; x_wconf 90' lang='lat' dir='ltr'>quae</span> <span class='ocrx_word' id='word_1_141' title='bbox 584 2127 694 2204; x_wconf 90' lang='lat' dir='ltr'>suapte</span> <span class='ocrx_word' id='word_1_142' title='bbox 710 2129 824 2184; x_wconf 87' lang='lat' dir='ltr'>natura</span> <span class='ocrx_word' id='word_1_143' title='bbox 839 2121 1027 2184; x_wconf 88' lang='lat' dir='ltr'>secundaria</span> <span class='ocrx_word' id='word_1_144' title='bbox 1043 2121 1094 2200; x_wconf 86' lang='lat' dir='ltr'>sit,</span> <span class='ocrx_word' id='word_1_145' title='bbox 1113 2118 1348 2196; x_wconf 78' lang='lat' dir='ltr'>secundarium,</span> 
     </span>
     <span class='ocr_line' id='line_1_19' title="bbox 174 2225 1348 2317; baseline 0.002 -31"><span class='ocrx_word' id='word_1_146' title='bbox 174 2244 257 2306; x_wconf 88' lang='lat' dir='ltr'>quae</span> <span class='ocrx_word' id='word_1_147' title='bbox 280 2226 346 2287; x_wconf 93' lang='lat' dir='ltr'>vim</span> <span class='ocrx_word' id='word_1_148' title='bbox 371 2227 552 2308; x_wconf 88' lang='lat' dir='ltr'>primariam</span> <span class='ocrx_word' id='word_1_149' title='bbox 576 2230 746 2317; x_wconf 82' lang='lat' dir='ltr'>sustineat3</span> <span class='ocrx_word' id='word_1_150' title='bbox 771 2249 846 2291; x_wconf 86' lang='lat' dir='ltr'>uam</span> <span class='ocrx_word' id='word_1_151' title='bbox 870 2247 912 2290; x_wconf 89' lang='lat' dir='ltr'>ex</span> <span class='ocrx_word' id='word_1_152' title='bbox 935 2232 1020 2290; x_wconf 91' lang='lat' dir='ltr'>recta</span> <span class='ocrx_word' id='word_1_153' title='bbox 1044 2225 1202 2310; x_wconf 82' lang='lat' dir='ltr'>cogitandi</span> <span class='ocrx_word' id='word_1_154' title='bbox 1227 2226 1348 2303; x_wconf 80' lang='lat' dir='ltr'>ratione</span> 
     </span>
     <span class='ocr_line' id='line_1_20' title="bbox 173 2332 1347 2417; baseline 0.001 -24"><span class='ocrx_word' id='word_1_155' title='bbox 173 2332 217 2393; x_wconf 91' lang='lat' dir='ltr'>ita</span> <span class='ocrx_word' id='word_1_156' title='bbox 240 2334 414 2395; x_wconf 89' lang='lat' dir='ltr'>sententias</span> <span class='ocrx_word' id='word_1_157' title='bbox 439 2333 605 2398; x_wconf 85' lang='lat' dir='ltr'>cohaerere</span> <span class='ocrx_word' id='word_1_158' title='bbox 629 2341 721 2417; x_wconf 91' lang='lat' dir='ltr'>puto:</span> <span class='ocrx_word' id='word_1_159' title='bbox 749 2336 886 2412; x_wconf 81' lang='lat' dir='ltr'>eiciaris,</span> <span class='ocrx_word' id='word_1_160' title='bbox 911 2336 966 2414; x_wconf 85' lang='lat' dir='ltr'>qai</span> <span class='ocrx_word' id='word_1_161' title='bbox 983 2332 1177 2413; x_wconf 83' lang='lat' dir='ltr'>possidebat,</span> <span class='ocrx_word' id='word_1_162' title='bbox 1200 2333 1347 2395; x_wconf 82' lang='lat' dir='ltr'>iricarsa-</span> 
     </span>
     <span class='ocr_line' id='line_1_21' title="bbox 172 2437 1347 2522; baseline 0.003 -23"><span class='ocrx_word' id='word_1_163' title='bbox 172 2437 233 2518; x_wconf 82' lang='lat' dir='ltr'>bol,</span> <span class='ocrx_word' id='word_1_164' title='bbox 261 2458 340 2501; x_wconf 87' lang='lat' dir='ltr'>nou:</span> <span class='ocrx_word' id='word_1_165' title='bbox 368 2439 550 2518; x_wconf 84' lang='lat' dir='ltr'>possidebat</span> <span class='ocrx_word' id='word_1_166' title='bbox 569 2443 706 2519; x_wconf 73' lang='lat' dir='ltr'>calaris,</span> <span class='ocrx_word' id='word_1_167' title='bbox 739 2443 795 2522; x_wconf 86' lang='lat' dir='ltr'>qai</span> <span class='ocrx_word' id='word_1_168' title='bbox 824 2442 1016 2505; x_wconf 86' lang='lat' dir='ltr'>iacarsabal.</span> <span class='ocrx_word' id='word_1_169' title='bbox 1062 2441 1141 2503; x_wconf 89' lang='lat' dir='ltr'>Mihi</span> <span class='ocrx_word' id='word_1_170' title='bbox 1170 2441 1286 2502; x_wconf 91' lang='lat' dir='ltr'>veritas</span> <span class='ocrx_word' id='word_1_171' title='bbox 1314 2441 1347 2502; x_wconf 92' lang='lat' dir='ltr'>iu</span> 
     </span>
     <span class='ocr_line' id='line_1_22' title="bbox 171 2547 1348 2628; baseline 0.001 -22"><span class='ocrx_word' id='word_1_172' title='bbox 171 2547 317 2627; x_wconf 86' lang='lat' dir='ltr'>proximo</span> <span class='ocrx_word' id='word_1_173' title='bbox 354 2548 482 2611; x_wconf 87' lang='lat' dir='ltr'>videtur</span> <span class='ocrx_word' id='word_1_174' title='bbox 514 2568 591 2611; x_wconf 88' lang='lat' dir='ltr'>esse.</span> <span class='ocrx_word' id='word_1_175' title='bbox 651 2547 763 2611; x_wconf 88' lang='lat' dir='ltr'>Divisa</span> <span class='ocrx_word' id='word_1_176' title='bbox 796 2551 881 2612; x_wconf 91' lang='lat' dir='ltr'>enim</span> <span class='ocrx_word' id='word_1_177' title='bbox 914 2549 969 2611; x_wconf 90' lang='lat' dir='ltr'>illa</span> <span class='ocrx_word' id='word_1_178' title='bbox 1001 2547 1171 2611; x_wconf 85' lang='lat' dir='ltr'>verborum</span> <span class='ocrx_word' id='word_1_179' title='bbox 1205 2565 1348 2628; x_wconf 90' lang='lat' dir='ltr'>compre-</span> 
     </span>
     <span class='ocr_line' id='line_1_23' title="bbox 171 2653 1347 2735; baseline 0.001 -22"><span class='ocrx_word' id='word_1_180' title='bbox 171 2653 325 2715; x_wconf 90' lang='lat' dir='ltr'>hensione</span> <span class='ocrx_word' id='word_1_181' title='bbox 354 2660 449 2735; x_wconf 90' lang='lat' dir='ltr'>atque</span> <span class='ocrx_word' id='word_1_182' title='bbox 472 2655 592 2716; x_wconf 91' lang='lat' dir='ltr'>iteratis</span> <span class='ocrx_word' id='word_1_183' title='bbox 615 2655 765 2717; x_wconf 88' lang='lat' dir='ltr'>vocabuli</span> <span class='ocrx_word' id='word_1_184' title='bbox 787 2656 909 2718; x_wconf 84' lang='lat' dir='ltr'>irooeais</span> <span class='ocrx_word' id='word_1_185' title='bbox 931 2657 1045 2718; x_wconf 87' lang='lat' dir='ltr'>litteris</span> <span class='ocrx_word' id='word_1_186' title='bbox 1069 2655 1221 2718; x_wconf 81' lang='lat' dir='ltr'>extremis</span> <span class='ocrx_word' id='word_1_187' title='bbox 1246 2656 1347 2716; x_wconf 89' lang='lat' dir='ltr'>oritur</span> 
     </span>
     <span class='ocr_line' id='line_1_24' title="bbox 173 2761 1347 2843; baseline 0.001 -22"><span class='ocrx_word' id='word_1_188' title='bbox 173 2762 272 2822; x_wconf 90' lang='lat' dir='ltr'>oratio</span> <span class='ocrx_word' id='word_1_189' title='bbox 297 2768 328 2823; x_wconf 88' lang='lat' dir='ltr'>et</span> <span class='ocrx_word' id='word_1_190' title='bbox 351 2761 520 2843; x_wconf 88' lang='lat' dir='ltr'>perspicua</span> <span class='ocrx_word' id='word_1_191' title='bbox 543 2766 574 2823; x_wconf 91' lang='lat' dir='ltr'>et</span> <span class='ocrx_word' id='word_1_192' title='bbox 597 2763 766 2824; x_wconf 88' lang='lat' dir='ltr'>concinna:</span> <span class='ocrx_word' id='word_1_193' title='bbox 791 2782 883 2842; x_wconf 80' lang='lat' dir='ltr'>apros</span> <span class='ocrx_word' id='word_1_194' title='bbox 902 2761 1081 2841; x_wconf 84' lang='lat' dir='ltr'>possidebat</span> <span class='ocrx_word' id='word_1_195' title='bbox 1098 2762 1222 2824; x_wconf 81' lang='lat' dir='ltr'>vicinas</span> <span class='ocrx_word' id='word_1_196' title='bbox 1235 2765 1347 2839; x_wconf 82' lang='lat' dir='ltr'>poleas</span> 
     </span>
     <span class='ocr_line' id='line_1_25' title="bbox 172 2867 1348 2952; baseline 0.002 -24"><span class='ocrx_word' id='word_1_197' title='bbox 172 2871 200 2928; x_wconf 83' lang='lat' dir='ltr'>et</span> <span class='ocrx_word' id='word_1_198' title='bbox 221 2867 306 2930; x_wconf 86' lang='lat' dir='ltr'>diaes</span> <span class='ocrx_word' id='word_1_199' title='bbox 329 2872 358 2930; x_wconf 81' lang='lat' dir='ltr'>a‘</span> <span class='ocrx_word' id='word_1_200' title='bbox 379 2868 561 2931; x_wconf 86' lang='lat' dir='ltr'>iaoeao&#39;s.</span> <span class='ocrx_word' id='word_1_201' title='bbox 603 2868 649 2932; x_wconf 86' lang='lat' dir='ltr'>Is</span> <span class='ocrx_word' id='word_1_202' title='bbox 668 2874 707 2932; x_wconf 84' lang='lat' dir='ltr'>et</span> <span class='ocrx_word' id='word_1_203' title='bbox 720 2870 953 2948; x_wconf 87' lang='lat' dir='ltr'>prosapiae</span> <span class='ocrx_word' id='word_1_204' title='bbox 972 2890 1040 2952; x_wconf 89' lang='lat' dir='ltr'>sqq.</span> <span class='ocrx_word' id='word_1_205' title='bbox 1049 2871 1074 2950; x_wconf 84' lang='lat'>³)</span> <span class='ocrx_word' id='word_1_206' title='bbox 1120 2869 1173 2932; x_wconf 84' lang='lat' dir='ltr'>Sic</span> <span class='ocrx_word' id='word_1_207' title='bbox 1190 2870 1225 2930; x_wconf 88' lang='lat' dir='ltr'>in</span> <span class='ocrx_word' id='word_1_208' title='bbox 1244 2869 1348 2950; x_wconf 87' lang='lat' dir='ltr'>priore</span> 
     </span>
     <span class='ocr_line' id='line_1_26' title="bbox 172 2975 1347 3059; baseline 0.001 -25"><span class='ocrx_word' id='word_1_209' title='bbox 172 2976 336 3036; x_wconf 90' lang='lat' dir='ltr'>enuntiato</span> <span class='ocrx_word' id='word_1_210' title='bbox 361 2975 464 3037; x_wconf 89' lang='lat' dir='ltr'>tribus</span> <span class='ocrx_word' id='word_1_211' title='bbox 489 2975 652 3038; x_wconf 89' lang='lat' dir='ltr'>adiectivis</span> <span class='ocrx_word' id='word_1_212' title='bbox 676 2978 877 3058; x_wconf 82' lang='lat' dir='ltr'>exprimitur,</span> <span class='ocrx_word' id='word_1_213' title='bbox 900 2997 964 3059; x_wconf 87' lang='lat' dir='ltr'>qua</span> <span class='ocrx_word' id='word_1_214' title='bbox 986 2976 1130 3039; x_wconf 88' lang='lat' dir='ltr'>floruerit</span> <span class='ocrx_word' id='word_1_215' title='bbox 1148 2975 1200 3038; x_wconf 87' lang='lat' dir='ltr'>ille</span> <span class='ocrx_word' id='word_1_216' title='bbox 1218 2976 1347 3037; x_wconf 88' lang='lat' dir='ltr'>iuvenis</span> 
     </span>
     <span class='ocr_line' id='line_1_27' title="bbox 171 3079 1347 3165; baseline 0.004 -26"><span class='ocrx_word' id='word_1_217' title='bbox 171 3079 366 3160; x_wconf 79' lang='lat' dir='ltr'>condicione,</span> <span class='ocrx_word' id='word_1_218' title='bbox 388 3083 422 3143; x_wconf 93' lang='lat' dir='ltr'>in</span> <span class='ocrx_word' id='word_1_219' title='bbox 441 3084 614 3163; x_wconf 90' lang='lat' dir='ltr'>posteriore</span> <span class='ocrx_word' id='word_1_220' title='bbox 632 3082 736 3146; x_wconf 89' lang='lat' dir='ltr'>tribus</span> <span class='ocrx_word' id='word_1_221' title='bbox 754 3085 829 3145; x_wconf 92' lang='lat' dir='ltr'>item</span> <span class='ocrx_word' id='word_1_222' title='bbox 850 3084 1013 3146; x_wconf 83' lang='lat' dir='ltr'>adiectivis</span> <span class='ocrx_word' id='word_1_223' title='bbox 1033 3083 1254 3165; x_wconf 82' lang='lat' dir='ltr'>significantur</span> <span class='ocrx_word' id='word_1_224' title='bbox 1273 3083 1347 3144; x_wconf 90' lang='lat' dir='ltr'>mali</span> 
     </span>
     <span class='ocr_line' id='line_1_28' title="bbox 171 3186 1347 3272; baseline 0.003 -25"><span class='ocrx_word' id='word_1_225' title='bbox 171 3186 241 3248; x_wconf 87' lang='lat' dir='ltr'>eius</span> <span class='ocrx_word' id='word_1_226' title='bbox 261 3206 376 3269; x_wconf 79' lang='lat' dir='ltr'>mores,</span> <span class='ocrx_word' id='word_1_227' title='bbox 394 3190 589 3271; x_wconf 90' lang='lat' dir='ltr'>totidemque</span> <span class='ocrx_word' id='word_1_228' title='bbox 607 3190 806 3271; x_wconf 75' lang='lat' dir='ltr'>gerundivis,</span> <span class='ocrx_word' id='word_1_229' title='bbox 825 3190 943 3271; x_wconf 90' lang='lat' dir='ltr'>quibus</span> <span class='ocrx_word' id='word_1_230' title='bbox 962 3190 1052 3252; x_wconf 89' lang='lat' dir='ltr'>factis</span> <span class='ocrx_word' id='word_1_231' title='bbox 1072 3191 1195 3251; x_wconf 90' lang='lat' dir='ltr'>homini</span> <span class='ocrx_word' id='word_1_232' title='bbox 1214 3190 1347 3272; x_wconf 89' lang='lat' dir='ltr'>pauperi</span> 
     </span>
     <span class='ocr_line' id='line_1_29' title="bbox 170 3295 1347 3378; baseline 0.003 -25"><span class='ocrx_word' id='word_1_233' title='bbox 170 3295 328 3372; x_wconf 84' lang='lat' dir='ltr'>nocuerit,</span> <span class='ocrx_word' id='word_1_234' title='bbox 361 3295 546 3378; x_wconf 85' lang='lat' dir='ltr'>explicatur.</span> <span class='ocrx_word' id='word_1_235' title='bbox 599 3296 813 3360; x_wconf 86' lang='lat' dir='ltr'>Offensionem</span> <span class='ocrx_word' id='word_1_236' title='bbox 842 3315 916 3358; x_wconf 89' lang='lat' dir='ltr'>vero</span> <span class='ocrx_word' id='word_1_237' title='bbox 952 3297 1095 3376; x_wconf 81' lang='lat' dir='ltr'>alteram,</span> <span class='ocrx_word' id='word_1_238' title='bbox 1128 3316 1209 3378; x_wconf 89' lang='lat' dir='ltr'>quae</span> <span class='ocrx_word' id='word_1_239' title='bbox 1238 3302 1286 3359; x_wconf 92' lang='lat' dir='ltr'>est</span> <span class='ocrx_word' id='word_1_240' title='bbox 1313 3298 1347 3357; x_wconf 92' lang='lat' dir='ltr'>in</span> 
     </span>
     <span class='ocr_line' id='line_1_30' title="bbox 164 3402 1345 3492; baseline 0.003 -31"><span class='ocrx_word' id='word_1_241' title='bbox 164 3402 340 3479; x_wconf 87' lang='lat' dir='ltr'>prosapiae</span> <span class='ocrx_word' id='word_1_242' title='bbox 361 3403 518 3465; x_wconf 87' lang='lat' dir='ltr'>raoiorara</span> <span class='ocrx_word' id='word_1_243' title='bbox 538 3402 655 3484; x_wconf 76' lang='lat' dir='ltr'>ploria,</span> <span class='ocrx_word' id='word_1_244' title='bbox 677 3403 824 3466; x_wconf 89' lang='lat' dir='ltr'>facillime</span> <span class='ocrx_word' id='word_1_245' title='bbox 847 3403 987 3492; x_wconf 84' lang='lat' dir='ltr'>tollimus</span> <span class='ocrx_word' id='word_1_246' title='bbox 1011 3405 1072 3484; x_wconf 84' lang='lat' dir='ltr'>ita,</span> <span class='ocrx_word' id='word_1_247' title='bbox 1095 3411 1132 3466; x_wconf 90' lang='lat' dir='ltr'>ut</span> <span class='ocrx_word' id='word_1_248' title='bbox 1154 3402 1345 3466; x_wconf 88' lang='lat' dir='ltr'>vocabulum</span> 
     </span>
     <span class='ocr_line' id='line_1_31' title="bbox 170 3508 1346 3593; baseline 0.002 -24"><span class='ocrx_word' id='word_1_249' title='bbox 170 3508 327 3570; x_wconf 86' lang='lat' dir='ltr'>araiorara</span> <span class='ocrx_word' id='word_1_250' title='bbox 359 3511 431 3571; x_wconf 90' lang='lat' dir='ltr'>voci</span> <span class='ocrx_word' id='word_1_251' title='bbox 457 3511 631 3589; x_wconf 88' lang='lat' dir='ltr'>prosapiae</span> <span class='ocrx_word' id='word_1_252' title='bbox 667 3510 895 3593; x_wconf 87' lang='lat' dir='ltr'>interpretandi</span> <span class='ocrx_word' id='word_1_253' title='bbox 927 3529 1023 3572; x_wconf 85' lang='lat' dir='ltr'>causa</span> <span class='ocrx_word' id='word_1_254' title='bbox 1056 3510 1199 3572; x_wconf 88' lang='lat' dir='ltr'>additum</span> <span class='ocrx_word' id='word_1_255' title='bbox 1233 3509 1346 3572; x_wconf 90' lang='lat' dir='ltr'>deinde</span> 
     </span>
     <span class='ocr_line' id='line_1_32' title="bbox 170 3615 1346 3699; baseline 0.003 -25"><span class='ocrx_word' id='word_1_256' title='bbox 170 3616 203 3675; x_wconf 92' lang='lat' dir='ltr'>in</span> <span class='ocrx_word' id='word_1_257' title='bbox 224 3615 394 3679; x_wconf 88' lang='lat' dir='ltr'>verborum</span> <span class='ocrx_word' id='word_1_258' title='bbox 415 3617 559 3680; x_wconf 89' lang='lat' dir='ltr'>ordinem</span> <span class='ocrx_word' id='word_1_259' title='bbox 578 3618 741 3679; x_wconf 87' lang='lat' dir='ltr'>transiisse</span> <span class='ocrx_word' id='word_1_260' title='bbox 759 3623 918 3699; x_wconf 90' lang='lat' dir='ltr'>putemus.</span> <span class='ocrx_word' id='word_1_261' title='bbox 970 3616 1101 3699; x_wconf 84' lang='lat' dir='ltr'>Scripsit</span> <span class='ocrx_word' id='word_1_262' title='bbox 1119 3618 1217 3699; x_wconf 88' lang='lat' dir='ltr'>igitur</span> <span class='ocrx_word' id='word_1_263' title='bbox 1235 3620 1346 3699; x_wconf 86' lang='lat' dir='ltr'>Appu-</span> 
     </span>
    </p>
   </div>
   <div class='ocr_carea' id='block_1_3' title="bbox 170 3828 1347 4252">
    <p class='ocr_par' dir='ltr' id='par_1_3' title="bbox 263 3828 1095 3896">
     <span class='ocr_line' id='line_1_33' title="bbox 263 3828 1095 3896; baseline -0.002 -15"><span class='ocrx_word' id='word_1_264' title='bbox 263 3831 286 3892; x_wconf 88' lang='lat'>1)</span> <span class='ocrx_word' id='word_1_265' title='bbox 305 3829 402 3882; x_wconf 84' lang='lat' dir='ltr'>Errare</span> <span class='ocrx_word' id='word_1_266' title='bbox 421 3828 524 3882; x_wconf 88' lang='lat' dir='ltr'>librarii</span> <span class='ocrx_word' id='word_1_267' title='bbox 543 3830 619 3882; x_wconf 88' lang='lat' dir='ltr'>tauta</span> <span class='ocrx_word' id='word_1_268' title='bbox 637 3828 817 3895; x_wconf 81' lang='lat' dir='ltr'>discrepantia</span> <span class='ocrx_word' id='word_1_269' title='bbox 840 3828 913 3881; x_wconf 90' lang='lat' dir='ltr'>nasci</span> <span class='ocrx_word' id='word_1_270' title='bbox 934 3829 983 3880; x_wconf 88' lang='lat' dir='ltr'>vix</span> <span class='ocrx_word' id='word_1_271' title='bbox 1001 3828 1095 3896; x_wconf 87' lang='lat' dir='ltr'>potuit.</span> 
     </span>
    </p>

    <p class='ocr_par' dir='ltr' id='par_1_4' title="bbox 261 3916 1229 3984">
     <span class='ocr_line' id='line_1_34' title="bbox 261 3916 1229 3984; baseline 0.002 -16"><span class='ocrx_word' id='word_1_272' title='bbox 261 3917 288 3984; x_wconf 78' lang='lat'>2)</span> <span class='ocrx_word' id='word_1_273' title='bbox 308 3917 345 3970; x_wconf 81' lang='lat' dir='ltr'>Cf.</span> <span class='ocrx_word' id='word_1_274' title='bbox 361 3917 515 3970; x_wconf 86' lang='lat' dir='ltr'>Koziolium</span> <span class='ocrx_word' id='word_1_275' title='bbox 529 3919 558 3969; x_wconf 87' lang='lat' dir='ltr'>in</span> <span class='ocrx_word' id='word_1_276' title='bbox 573 3916 642 3971; x_wconf 84' lang='lat' dir='ltr'>libro</span> <span class='ocrx_word' id='word_1_277' title='bbox 657 3917 705 3970; x_wconf 87' lang='lat' dir='ltr'>dor</span> <span class='ocrx_word' id='word_1_278' title='bbox 721 3916 776 3970; x_wconf 80' lang='lat' dir='ltr'>Stil</span> <span class='ocrx_word' id='word_1_279' title='bbox 790 3918 836 3970; x_wconf 87' lang='lat' dir='ltr'>des</span> <span class='ocrx_word' id='word_1_280' title='bbox 850 3917 883 3970; x_wconf 87' lang='lat' dir='ltr'>L.</span> <span class='ocrx_word' id='word_1_281' title='bbox 896 3917 1043 3984; x_wconf 77' lang='lat' dir='ltr'>Apuleias,</span> <span class='ocrx_word' id='word_1_282' title='bbox 1067 3933 1092 3984; x_wconf 89' lang='lat' dir='ltr'>p.</span> <span class='ocrx_word' id='word_1_283' title='bbox 1104 3917 1156 3970; x_wconf 77' lang='lat'>335</span> <span class='ocrx_word' id='word_1_284' title='bbox 1171 3931 1229 3983; x_wconf 87' lang='lat' dir='ltr'>sqq.</span> 
     </span>
    </p>

    <p class='ocr_par' dir='ltr' id='par_1_5' title="bbox 170 4004 1347 4252">
     <span class='ocr_line' id='line_1_35' title="bbox 259 4004 1345 4075; baseline -0.002 -16"><span class='ocrx_word' id='word_1_285' title='bbox 259 4008 285 4075; x_wconf 86' lang='lat'>3)</span> <span class='ocrx_word' id='word_1_286' title='bbox 306 4006 467 4075; x_wconf 86' lang='lat' dir='ltr'>Laevigatur</span> <span class='ocrx_word' id='word_1_287' title='bbox 479 4007 560 4059; x_wconf 85' lang='lat' dir='ltr'>etiam</span> <span class='ocrx_word' id='word_1_288' title='bbox 573 4007 655 4060; x_wconf 88' lang='lat' dir='ltr'>oratio</span> <span class='ocrx_word' id='word_1_289' title='bbox 675 4007 815 4073; x_wconf 81' lang='lat' dir='ltr'>scriptura,</span> <span class='ocrx_word' id='word_1_290' title='bbox 835 4023 916 4074; x_wconf 87' lang='lat' dir='ltr'>quam</span> <span class='ocrx_word' id='word_1_291' title='bbox 935 4005 999 4059; x_wconf 91' lang='lat' dir='ltr'>olim</span> <span class='ocrx_word' id='word_1_292' title='bbox 1014 4004 1148 4071; x_wconf 81' lang='lat' dir='ltr'>Sauppius</span> <span class='ocrx_word' id='word_1_293' title='bbox 1168 4020 1228 4057; x_wconf 87' lang='lat' dir='ltr'>moa</span> <span class='ocrx_word' id='word_1_294' title='bbox 1241 4004 1345 4057; x_wconf 85' lang='lat' dir='ltr'>coniec-</span> 
     </span>
     <span class='ocr_line' id='line_1_36' title="bbox 170 4094 1347 4165; baseline -0.001 -18"><span class='ocrx_word' id='word_1_295' title='bbox 170 4099 231 4148; x_wconf 89' lang='lat' dir='ltr'>tura</span> <span class='ocrx_word' id='word_1_296' title='bbox 241 4096 346 4165; x_wconf 85' lang='lat' dir='ltr'>cognita</span> <span class='ocrx_word' id='word_1_297' title='bbox 363 4096 477 4163; x_wconf 77' lang='lat' dir='ltr'>benigne</span> <span class='ocrx_word' id='word_1_298' title='bbox 496 4112 601 4149; x_wconf 88' lang='lat' dir='ltr'>mecum</span> <span class='ocrx_word' id='word_1_299' title='bbox 617 4096 838 4149; x_wconf 88' lang='lat' dir='ltr'>communicavit:</span> <span class='ocrx_word' id='word_1_300' title='bbox 858 4095 974 4148; x_wconf 84' lang='lat' dir='ltr'>iareais.</span> <span class='ocrx_word' id='word_1_301' title='bbox 1004 4095 1059 4148; x_wconf 81' lang='lat' dir='ltr'>Sel</span> <span class='ocrx_word' id='word_1_302' title='bbox 1065 4094 1216 4160; x_wconf 86' lang='lat' dir='ltr'>prosapiae</span> <span class='ocrx_word' id='word_1_303' title='bbox 1226 4109 1283 4160; x_wconf 89' lang='lat' dir='ltr'>sqq.</span> <span class='ocrx_word' id='word_1_304' title='bbox 1311 4098 1347 4146; x_wconf 81' lang='lat' dir='ltr'>At</span> 
     </span>
     <span class='ocr_line' id='line_1_37' title="bbox 170 4182 1345 4252; baseline -0.003 -16"><span class='ocrx_word' id='word_1_305' title='bbox 170 4192 259 4237; x_wconf 86' lang='lat' dir='ltr'>tamen</span> <span class='ocrx_word' id='word_1_306' title='bbox 278 4186 367 4238; x_wconf 90' lang='lat' dir='ltr'>minus</span> <span class='ocrx_word' id='word_1_307' title='bbox 386 4187 479 4252; x_wconf 89' lang='lat' dir='ltr'>aptum</span> <span class='ocrx_word' id='word_1_308' title='bbox 498 4201 557 4238; x_wconf 86' lang='lat' dir='ltr'>esse</span> <span class='ocrx_word' id='word_1_309' title='bbox 572 4185 729 4238; x_wconf 84' lang='lat' dir='ltr'>crediderim</span> <span class='ocrx_word' id='word_1_310' title='bbox 748 4190 794 4237; x_wconf 86' lang='lat' dir='ltr'>set.</span> <span class='ocrx_word' id='word_1_311' title='bbox 824 4183 898 4237; x_wconf 84' lang='lat' dir='ltr'>Solet</span> <span class='ocrx_word' id='word_1_312' title='bbox 916 4185 987 4236; x_wconf 87' lang='lat' dir='ltr'>enim</span> <span class='ocrx_word' id='word_1_313' title='bbox 1000 4182 1156 4250; x_wconf 79' lang='lat' dir='ltr'>Appuleius,</span> <span class='ocrx_word' id='word_1_314' title='bbox 1176 4183 1224 4234; x_wconf 89' lang='lat' dir='ltr'>ubi</span> <span class='ocrx_word' id='word_1_315' title='bbox 1239 4186 1345 4235; x_wconf 84' lang='lat' dir='ltr'>senten-</span> 
     </span>
    </p>
   </div>
   <div class='ocr_carea' id='block_1_4' title="bbox 170 4270 1344 4404">
    <p class='ocr_par' dir='ltr' id='par_1_6' title="bbox 170 4270 1344 4404">
     <span class='ocr_line' id='line_1_38' title="bbox 170 4270 1344 4343; baseline -0.001 -18"><span class='ocrx_word' id='word_1_316' title='bbox 170 4275 235 4326; x_wconf 87' lang='lat' dir='ltr'>tinm</span> <span class='ocrx_word' id='word_1_317' title='bbox 253 4291 333 4328; x_wconf 87' lang='lat' dir='ltr'>unam</span> <span class='ocrx_word' id='word_1_318' title='bbox 346 4275 479 4328; x_wconf 86' lang='lat' dir='ltr'>rhetorice</span> <span class='ocrx_word' id='word_1_319' title='bbox 498 4291 545 4343; x_wconf 88' lang='lat' dir='ltr'>per</span> <span class='ocrx_word' id='word_1_320' title='bbox 559 4277 698 4329; x_wconf 88' lang='lat' dir='ltr'>enuntiata</span> <span class='ocrx_word' id='word_1_321' title='bbox 716 4275 769 4328; x_wconf 92' lang='lat' dir='ltr'>duo</span> <span class='ocrx_word' id='word_1_322' title='bbox 784 4274 915 4342; x_wconf 79' lang='lat' dir='ltr'>dispertit,</span> <span class='ocrx_word' id='word_1_323' title='bbox 934 4271 1011 4326; x_wconf 87' lang='lat' dir='ltr'>altori</span> <span class='ocrx_word' id='word_1_324' title='bbox 1025 4271 1150 4340; x_wconf 86' lang='lat' dir='ltr'>copulam</span> <span class='ocrx_word' id='word_1_325' title='bbox 1165 4287 1216 4324; x_wconf 89' lang='lat' dir='ltr'>non</span> <span class='ocrx_word' id='word_1_326' title='bbox 1231 4270 1344 4324; x_wconf 79' lang='lat' dir='ltr'>adicere.</span> 
     </span>
     <span class='ocr_line' id='line_1_39' title="bbox 1111 4369 1127 4404; baseline 0.25 -4"><span class='ocrx_word' id='word_1_327' title='bbox 1111 4369 1127 4404; x_wconf 81' lang='lat' dir='ltr'>a</span> 
     </span>
    </p>
   </div>
   <div class='ocr_carea' id='block_1_5' title="bbox 0 0 1526 4756">
    <p class='ocr_par' dir='ltr' id='par_1_7' title="bbox 0 0 1526 4756">
     <span class='ocr_line' id='line_1_40' title="bbox 0 0 1526 4756; baseline 0 0"><span class='ocrx_word' id='word_1_328' title='bbox 0 0 1526 4756; x_wconf 95' lang='lat' dir='ltr'> </span> 
     </span>
    </p>
   </div>
  </div>
 </body>
</html>
