3044 4756
660 221 877 281 ,25-

218 399 321 480 20311
347 397 377 458 1
396 403 470 481 post
492 396 677 460 videbanter·
695 397 755 460 hoc
778 397 869 478 signo
891 393 914 480 ··Ι
934 398 1038 480 posito
1063 397 1238 460 adnotavit:
1263 397 1358 461 <inter-

313 496 431 568 vallum
455 508 500 568 est
521 504 638 588 11111915,ι
660 504 743 566 nocis
765 503 801 566 in
823 508 927 580 cetere,
951 505 984 566 in
1009 503 1034 566 F
1052 504 1187 568 testibus
1207 503 1308 586 Luetj.
1328 510 1359 568 et

313 611 419 674 Wihn.
444 612 583 694 spatium
608 616 727 693 septem
752 611 803 674 vel
826 617 896 674 octo
920 611 1105 674 litterarum.

270 719 340 782 lam
357 718 504 800 exempla
523 718 633 781 eadem
654 719 731 781 satis
751 718 872 798 docent,
887 717 1070 781 Victoriam
1089 719 1229 782 codicem
1249 741 1273 793 φ
1293 739 1357 782 non

180 845 360 909 usurpasse.
373 828 395 904 ¹)
432 823 503 887 Hoc
521 823 668 887 firmatur
687 825 781 886 etiam
801 843 847 906 eo,
865 825 949 907 quod
972 825 1072 889 codex
1091 847 1115 902 φ
1133 825 1232 888 Taciti
1251 825 1358 906 librae,

183 953 264 1015 quos
288 932 468 995 Victorium
501 951 542 994 ex
575 931 685 994 eodem
719 951 818 995 manu
849 934 1060 1016 scriptoqoo
1090 933 1230 1016 Appulei
1260 933 1357 996 libres
1446 990 1449 996 .

182 1041 356 1103 contulisse
379 1039 540 1103 simillima
558 1037 654 1101 fidem
674 1038 749 1101 facit
768 1038 969 1123 subscriptio,
988 1060 1052 1103 non
1074 1041 1223 1120 continet,
1243 1040 1357 1104 deinde

164 1146 265 1235 'quod
295 1146 459 1209 Victorius
490 1146 667 1228 unicuique
697 1145 992 1230 Metamorphoseon
1026 1147 1105 1210 libro
1134 1152 1276 1211 extremo
1305 1148 1358 1210 ad-

178 1254 358 1317 notationes
392 1251 546 1333 subdidit,
581 1272 663 1335 quae
697 1272 771 1316 curn
805 1254 912 1318 codice
943 1253 968 1316 F
996 1253 1059 1318 fere
1095 1261 1292 1338 congruunt,
1323 1256 1375 1318 iu,

179 1360 336 1437 codicem
360 1379 435 1424 vero
460 1361 590 1423 omnino
616 1360 741 1423 desunt.

268 1467 417 1551 Denique
442 1473 478 1531 ut
501 1469 583 1530 hanc
606 1467 810 1532 absolvamus
831 1470 1059 1551 quaestionem,
1084 1469 1122 1532 de
1138 1469 1271 1532 Victorii
1291 1475 1357 1533 tota

179 1575 357 1658 corrigendi
402 1576 526 1638 ratione
571 1595 728 1658 exponam
768 1575 919 1656 breviter,
958 1596 1022 1658 quo
1066 1577 1175 1640 minus
1213 1577 1358 1640 dubitent

178 1682 326 1745 homines
352 1682 444 1764 docti,
469 1684 557 1766 quin,
582 1702 794 1766 quaecunque
817 1688 939 1748 restant
963 1683 1201 1766 discrepantiae,
1224 1684 1263 1746 ad
1282 1684 1357 1747 Vic-

181 1790 297 1852 torium
318 1790 435 1853 referre
455 1790 554 1855 liceat.
588 1789 714 1854 Etenim
740 1810 937 1873 quamquam
961 1792 994 1852 in
1018 1791 1206 1854 universum
1231 1811 1358 1855 summa

179 1916 256 1959 cura
279 1897 422 1960 codicem
445 1896 470 1959 F
494 1899 647 1979 excussit,
669 1917 733 1960 non
759 1898 876 1961 desunt
900 1917 1022 1962 errores
1048 1898 1293 1981 diligentiaeque
1316 1899 1357 1961 la·

179 2002 283 2066 bantis
312 2004 468 2086 quaedam
496 2005 620 2067 indicia.
666 2007 775 2088 Atque
804 2011 927 2088 praeter
955 2025 1006 2086 ea,
1035 2024 1117 2089 quae
1147 2025 1243 2088 supra
1272 2025 1356 2068 com-

176 2112 442 2193 memoravimus,
470 2113 548 2175 haec
577 2112 641 2176 lere
666 2113 761 2196 digna
785 2118 875 2194 sunt,
906 2132 987 2196 quae
1015 2111 1223 2197 proferantur.
1257 2112 1356 2197 Saepe

177 2237 232 2300 per
255 2219 442 2301 compendia
466 2221 630 2302 expressit,
656 2239 737 2303 quae
761 2221 793 2282 in
819 2220 926 2285 codice
946 2220 970 2283 F
988 2220 1080 2304 plene
1105 2221 1221 2303 scripta
1240 2219 1352 2303 legun-

177 2330 239 2406 tur,
262 2326 421 2389 interdum
447 2349 462 2390 e
485 2345 540 2410 pro
564 2327 675 2390 nevel
698 2352 715 2411 ⁰e
738 2332 769 2390 et
792 2348 829 2391 ee
852 2317 908 2411 pro
928 2350 943 2391 e
962 2329 1108 2409 correxit,
1132 2327 1254 2410 aliquot
1272 2327 1352 2389 locis

176 2432 327 2514 litteram,
355 2436 406 2496 cui
435 2435 529 2497 aliam
554 2433 732 2515 substituit,
761 2454 827 2498 non
852 2436 1059 2519 expunxit²);
1084 2454 1149 2497 non
1175 2435 1272 2498 semel
1297 2454 1352 2517 pro

177 2539 392 2623 compluribus
416 2539 530 2604 litteris
554 2542 705 2605 addendis
726 2562 822 2605 unam
843 2542 1065 2605 tantummodo
1084 2542 1205 2623 adiecit,
1214 2543 1239 2620 ³)
1263 2541 1351 2605 iden-

177 2647 273 2710 tidem
297 2667 361 2710 non
384 2648 567 2730 genuinam,
592 2648 646 2711 sed
671 2651 853 2712 correctoris
877 2649 1055 2729 lectionem,
1080 2655 1116 2712 ut
1136 2667 1218 2731 quae
1238 2667 1351 2712 verum

176 2752 323 2836 praebeat
351 2760 407 2816 aut
429 2754 579 2837 praebere
602 2755 791 2835 videatur4),
815 2757 943 2839 recepit,
967 2775 1061 2839 saepe
1085 2765 1161 2818 nota
1183 2753 1228 2840 †
1251 2755 1300 2819 vel
1323 2764 1351 2820 1,

176 2859 334 2943 adscripta
359 2863 554 2945 corruptelas
580 2863 708 2945 quidem
732 2863 899 2944 indicavit,
923 2882 1028 2947 neque
1059 2883 1134 2927 vero
1163 2864 1351 2946 scripturam

266 3021 292 3086 1)
313 3020 380 3075 Cum
399 3021 539 3075 Victorius
558 3022 587 3074 in
606 3022 816 3090 subscriptione,
836 3023 881 3075 cui
899 3023 965 3076 fides
984 3026 1026 3076 est
1044 3023 1166 3076 habenda
1185 3037 1303 3088 summa,
1324 3037 1352 3073 se

177 3109 322 3163 codicem
345 3126 514 3178 comparasse
538 3112 623 3179 dicat,
648 3112 680 3164 de
704 3112 878 3165 codicibus
903 3111 1039 3165 collatis
1062 3111 1132 3164 nihil
1156 3113 1352 3178 commemoret,

177 3199 245 3254 falsa
263 3203 306 3254 est
324 3200 413 3268 opinio
429 3199 517 3268 Keilii,
538 3201 586 3269 qui
604 3217 667 3254 eum
682 3200 831 3269 complures
846 3200 929 3255 libros
944 3201 1099 3255 adhibuisse
1114 3203 1211 3255 censet.
1250 3199 1353 3265 Quodsi

176 3290 312 3344 Victorius
332 3291 451 3343 codicem
471 3310 488 3346 e
507 3291 681 3358 comparavit,
701 3291 772 3344 hunc
791 3307 840 3343 nec
859 3290 944 3343 ullum
959 3290 1044 3343 alium
1058 3292 1163 3358 praeter
1177 3311 1193 3348 o
1208 3289 1351 3357 excerpsit,

177 3381 248 3448 qood
268 3380 377 3448 quidem
396 3396 448 3432 non
469 3379 568 3433 lactum
587 3396 646 3433 esse
666 3384 815 3448 coarguunt
833 3397 871 3448 ea,
892 3396 960 3449 quae
980 3395 1062 3448 supra
1080 3380 1236 3434 afferuntur.

266 3469 293 3537 2)
313 3468 437 3536 Exempli
461 3469 548 3538 gratia
569 3470 647 3538 Apol.
667 3470 743 3537 4231
769 3488 788 3523 v
810 3470 926 3539 scyllas,
952 3469 976 3522 V
996 3485 1078 3537 supra
1101 3487 1119 3521 n
1144 3468 1256 3535 lineam,
1285 3484 1352 3535 quae

176 3557 293 3612 litteram
312 3575 338 3611 n
358 3558 498 3628 signifieat,
517 3561 613 3627 posuit,
632 3575 646 3611 s
664 3576 717 3613 non
737 3558 845 3612 delevit.

265 3649 292 3716 3)
312 3647 351 3702 Cf.
371 3648 448 3716 Apol.
468 3650 529 3716 57,5
549 3667 567 3702 v
585 3649 718 3716 contario,
737 3649 762 3701 V
781 3665 828 3716 pro
848 3666 863 3701 o
883 3649 992 3717 scripsit
1010 3666 1039 3715 n,
1059 3666 1072 3702 c
1090 3665 1143 3702 non
1162 3648 1270 3703 addidit.

265 3737 292 3806 4)
312 3736 388 3805 Apol.
401 3737 460 3806 15),ss
470 3739 492 3792 F
504 3739 591 3805 suein,
602 3739 664 3792 11*
675 3739 754 3792 sabin
764 3739 808 3807 (cf.
820 3739 1044 3807 Schuchardtnm,
1060 3739 1108 3792 dee·
1124 3739 1296 3791 Voltnlisrnne
1306 3738 1353 3791 dea

184 3827 391 3894 anpeirlntet'ns
404 3827 424 3881 Ι.
442 3829 501 3882 131.
521 3827 702 3897 Wblftlinum,
718 3829 877 3883 lateinisclie
891 3829 952 3882 tend
965 3829 1137 3882 roennne'sclre
1155 3827 1353 3896 colimur-anon

177 3933 202 3984 p.
217 3915 252 3970 83
272 3919 299 3969 et
319 3916 361 3970 88.
408 3915 543 3970 Sittelium
562 3918 605 3971 die
624 3917 733 3971 lolrnlen
757 3918 1029 3972 Versebe'edenbeiten
1048 3917 1096 3971 der·
1115 3919 1209 3972 latein.
1231 3917 1353 3985 Sprnclre

176 4022 200 4073 p.
226 4005 284 4075 69),
319 4006 378 4072 16,6
406 4006 428 4059 F
455 4007 606 4074 npe'lionm,
633 4008 659 4059 1
683 4007 714 4059 1*
747 4007 880 4074 opiliones
909 4007 1088 4075 (Schuchardt
1113 4007 1130 4061 l.
1160 4025 1182 4061 c.
1211 4008 1246 4061 Il.
1276 4008 1351 4077 150);

177 4095 238 4162 34,3
261 4095 283 4148 F
306 4095 498 4162 ecquandone,
527 4093 601 4148 11*
623 4096 813 4163 etqnnndone;
838 4097 900 4165 lep
923 4097 944 4149 F
969 4097 1067 4164 Nerei,
1093 4098 1118 4150 V
1137 4098 1165 4150 f*
1186 4097 1352 4159 Nereidnnt;

177 4183 238 4252 78,9
261 4184 296 4245 F
315 4185 478 4252 lubidinem,
500 4187 532 4238 -1
550 4186 581 4239 1*
605 4187 760 4253 libidinem
789 4187 867 4255 79,10
890 4187 912 4240 F
934 4187 1073 4254 nubsisse,
1099 4189 1124 4240 V
1143 4187 1173 4239 1*
1201 4187 1351 4251 nnbsr'eaet;

175 4273 255 4342 85,19
274 4273 312 4327 F¹
330 4274 368 4339 Ie,
387 4275 413 4326 V
432 4275 462 4328 1*
481 4274 540 4342 leie;
566 4276 658 4343 roan
680 4277 701 4330 F
720 4277 850 4343 lectitare,
869 4277 894 4328 V
914 4277 943 4329 1*
963 4277 1093 4332 lectitare.
