3044 4756
655 214 869 274 *54-

171 391 282 470 bilem,
302 392 481 453 mutatione
509 392 642 473 insuper
666 410 745 453 usus
768 409 923 472 perquam
948 391 1100 454 violenta:
1126 393 1277 456 intentius
1300 414 1351 455 eo-

171 497 287 561 calitcr.
320 497 393 560 Non
413 499 515 578 magis
535 498 612 560 mihi
631 496 781 580 probatur
792 497 968 560 Woelfflini
989 499 1171 561 coniectura
1194 499 1352 579 saepicule

171 608 200 666 ct
220 603 367 667 vocaliter
385 603 686 685 interclamantibus,
709 624 783 666 narn
807 604 965 687 Appuleio
990 603 1133 668 obtrudit
1157 606 1350 669 vocabulum

172 731 277 794 neque
302 710 340 773 ab
363 711 424 773 hoc
447 730 553 793 neque
577 710 700 773 ab'alio
726 711 790 773 ullo
821 713 973 794 scriptore
996 713 1059 775 nisi
1088 713 1185 776 semel
1210 713 1248 776 ab
1272 717 1351 776 Arn-

171 821 278 881 miano
303 817 478 880 adhibitum
509 818 662 899 (31‚13,l
694 820 795 881 nostri
818 817 925 881 nrrtltis
947 818 1238 883 intnclanrantibus
1260 822 1350 883 resti-

172 928 288 1008 terunt)
313 931 344 988 et
367 926 504 988 nimium
528 924 659 1008 languet
680 933 753 1008 post
770 925 927 1004 saepicule
946 925 1079 989 verbum
1098 925 1350 1004 interclamandi,

173 1033 259 1116 quod
283 1033 321 1096 de
345 1052 381 1095 eo
401 1037 585 1114 usurpatur,
609 1033 665 1114 qni
688 1052 745 1116 per
767 1033 933 1097 intervalla
957 1033 1128 1096 clamorem
1152 1034 1240 1096 tollit.
1282 1034 1350 1116 Ego

173 1140 294 1223 opinor,
308 1138 472 1202 librarium
493 1158 640 1202 exarasse
658 1139 886 1203 intervocaliter
901 1160 957 1222 pro
976 1143 1137 1204 lterum
1151 1142 1351 1205 vocaliter·
1434 1186 1436 1191 ·

171 1247 305 1330 proclivi
329 1265 434 1309 errore
446 1247 477 1327 ¹),
507 1266 570 1328 quo
595 1252 743 1329 exempto
769 1249 974 1329 agnoscimus
1003 1267 1100 1309 usum
1124 1249 1255 1309 onmino
1286 1267 1348 1310 non

174 1354 406 1436 infrequentem
428 1372 533 1436 neque
553 1373 628 1416 vero
647 1354 789 1417 alienum
804 1353 842 1416 ab
861 1354 1035 1417 abundanti
1055 1355 1351 1437 orationeAppulei‚

174 1459 433 1543 quandoquidem
457 1461 570 1523 lterrun
594 1461 743 1524 hocloco
768 1463 919 1544 exprimit
940 1481 1047 1540 saepe·
1077 1481 1148 1523 nam
1174 1461 1211 1523 ad
1232 1481 1350 1544 augen-

173 1568 244 1630 dam
278 1569 441 1630 notionem
475 1568 602 1650 copulat
634 1568 783 1631 adverbia
816 1569 1038 1649 synonprrra.²)
1085 1566 1176 1643 Quod
1212 1568 1351 1650 denique

172 1674 329 1754 saepicule
356 1679 384 1737 ct
406 1676 519 1737 iterum
549 1677 675 1758 scripsit
702 1695 758 1758 pro
782 1676 895 1738 itcrrcnr
923 1679 951 1737 ct
972 1674 1127 1754 saepicule
1153 1711 1191 1718 —
1218 1681 1263 1737 sie
1287 1675 1350 1737 eol-

174 1782 257 1844 locat
275 1781 348 1844 Met.
371 1783 464 1863 79,16
484 1783 598 1845 lteram
617 1803 654 1845 aa
673 1783 800 1862 saepius
820 1821 861 1830 -
883 1783 941 1844 hoe
961 1781 1098 1844 ostendit
1117 1783 1260 1845 studium
1281 1784 1351 1845 eins

173 1888 313 1958 novandi
337 1894 368 1955 et
391 1890 545 1952 variandi.
555 1891 579 1969 ³)
604 1943 607 1951 .

228 2010 230 2014 ’
264 1996 336 2059 Met.
349 1996 442 2078 lton
459 1994 536 2082 (IX,
554 1998 607 2076 35)
628 1995 724 2059 verba
741 1998 787 2058 sie
801 1998 833 2058 in
852 1997 958 2059 codice
976 1995 1001 2058 F
1016 1996 1201 2059 traduntur:
1222 2000 1256 2058 nt
1269 1997 1351 2058 enirn

174 2102 301 2170 casalae
318 2102 477 2182 paruolae
500 2104 705 2166 conterminos
728 2123 857 2184 ruapnos
883 2107 911 2166 et
933 2102 1034 2166 beatos
1062 2123 1154 2182 (apros
1168 2095 1352 2181 ‘possidebat

173 2210 296 2273 alcinus
325 2214 435 2289 potens
463 2214 491 2272 et
517 2210 602 2272 clines
630 2214 658 2272 et
688 2210 839 2273 iuuenis
868 2214 901 2272 ct
922 2210 1133 2291 prosapiae
1164 2209 1350 2272 anulorum

171 2315 300 2397 pluria
318 2315 400 2380 mole
423 2321 512 2379 attens
530 2315 712 2396 pollensque
733 2317 923 2398 factionibus
941 2321 970 2379 et
987 2321 1099 2380 coartata
1117 2315 1212 2397 focile
1229 2316 1351 2396 faciens

175 2425 354 2487 incivitate
376 2422 481 2487 hostili
502 2424 591 2487 ruoilo
614 2425 711 2486 uicini
732 2425 834 2487 lenitis
852 2423 1036 2487 incursabat
1047 2424 1232 2503 paintericrn
1247 2443 1350 2501 poam

174 2531 361 2594 trucidando
395 2530 481 2594 bones
514 2530 661 2612 abipertrlo
692 2532 800 2611 franpas
831 2530 934 2593 arlbrrc
965 2531 1153 2594 immaturas
1182 2529 1350 2593 obtererul.

174 2637 365 2720 Lorrgiorem
390 2638 544 2701 ambitum
570 2644 672 2702 totum
697 2639 866 2721 exscripsi,
889 2645 926 2700 ut
949 2638 1119 2701 artificiosa
1143 2637 1349 2719 aequabilitas

175 2745 315 2827 apertius
344 2751 562 2828 cognoscatur.
609 2744 810 2828 Quamquam
839 2766 903 2808 non
928 2746 1026 2810 semel
1052 2746 1230 2828 Appuleius
1255 2746 1349 2827 parti-

175 2851 248 2916 cula
267 2855 296 2913 et
313 2852 492 2933 coniunxit,
514 2872 596 2935 qnae
615 2873 656 2915 ex
674 2855 898 2934 grammaticae
916 2854 1038 2917 ratione
1058 2851 1118 2915 sibi
1138 2872 1199 2914 non
1220 2871 1349 2933 respon-

175 2959 317 3039 deant‘),
349 2965 454 3020 tamen
480 2959 542 3021 hoc
570 2960 639 3022 loco
664 2961 816 3022 orationis
841 2959 1015 3022 obscuritas
1044 2979 1081 3022 ac
1106 2959 1286 3022 deformitas
1314 2977 1351 3020 ea

175 3071 237 3144 est,
274 3072 310 3127 ut
342 3067 541 3148 corruptelae
575 3068 783 3150 suspitionem
818 3068 887 3130 iure
920 3067 1078 3131 moverint
1109 3066 1286 3144 Rohdiusf')
1320 3071 1351 3126 et

175 3170 399 3256 Bursinnusss),
424 3174 631 3256 quiquidem
655 3194 768 3257 parurn
787 3174 1099 3257 perspectoAppulei
1125 3174 1229 3236 studio
1250 3191 1349 3235 mem-

175 3278 231 3340 bra
264 3281 475 3343 concinnandi
510 3280 701 3364 probabilem
736 3282 907 3344 orationem
944 3300 1008 3343 non
1040 3290 1117 3343 sunt
1146 3280 1350 3342 corriectundo

266 3477 291 3543 1)
310 3475 514 3528 Itoniuooaliter
524 3506 556 3513 -
571 3462 764 3529 iteruocaliter.

266 3565 292 3633 2)
313 3564 375 3617 Alia
393 3564 516 3632 exempla
530 3565 643 3618 eontulit
660 3565 798 3619 Koziolins
818 3565 844 3617 in
864 3565 931 3618 libro
951 3563 999 3616 rlcr
1021 3563 1075 3615 Stil
1094 3563 1140 3616 des
1159 3563 1192 3616 L.
1204 3561 1350 3628 Aprdcius,

176 3672 200 3722 p.
222 3654 285 3719 1313
309 3655 341 3707 do
365 3653 550 3723 geminationis
575 3655 781 3722 adieetivornm,
808 3654 985 3722 quorumvis
1009 3656 1134 3721 augetur,
1164 3652 1265 3718 origine
1289 3651 1350 3704 ride

177 3759 244 3810 qnae
264 3743 372 3795 disserit
390 3743 549 3796 Wiilfdinus
569 3744 597 3795 in
616 3743 682 3797 libro
701 3744 862 3797 lateiniscbe
880 3743 942 3795 rcrtrl
959 3744 1131 3795 romanisclre
1153 3741 1352 3806 Gorrrpnration

177 3850 202 3900 p.
222 3834 239 3884 4
258 3849 315 3900 sqq.
336 3836 363 3884 et
380 3831 423 3884 87.
1159 3883 1162 3889 .

210 3965 214 3972 .
266 3923 298 3986 3).
312 3922 384 3986 Erat,
405 3938 466 3976 oum
486 3923 569 3975 scribi
584 3922 682 3975 callem
697 3924 834 3990 saepicule
853 3929 879 3976 et
901 3922 932 3974 id
951 3921 1088 3986 sonaliter,
1107 3919 1244 3985 saepicule
1263 3924 1288 3969 rt
1306 3918 1350 3969 in·

177 4011 316 4076 roculita',
336 4028 404 4078 quae
423 4029 494 4064 nnnc
514 4012 665 4080 displicent.

265 4102 293 4167 4)
315 4100 384 4155 Vide
403 4100 556 4154 Koziolium
576 4102 603 4154 in
622 4102 691 4155 libro
710 4102 759 4154 der
779 4102 833 4153 Stil
852 4101 898 4153 des
917 4100 951 4154 L.
971 4099 1117 4165 Apuleius,
1136 4115 1161 4165 p.
1177 4097 1237 4150 329.

267 4192 293 4247 bl
313 4190 344 4242 In
367 4189 415 4243 [tn.
435 4190 471 4244 M.
492 4207 515 4244 a.
538 4191 613 4257 latro,
639 4209 663 4259 p.
685 4192 744 4243 277.

266 4280 292 4346 ot
312 4279 342 4331 In
364 4279 613 4348 ‚silentiosae-nme
632 4281 680 4333 der
700 4280 874 4332 Miincltencr
893 4278 1039 4332 Accrdcruic
1058 4295 1081 4330 a.
1103 4275 1179 4329 1881.
1204 4279 1225 4330 Ι,
1246 4293 1270 4343 p.
1288 4275 1351 4329 137.
