3044 4756
652 244 872 306 ..63-

176 426 261 509 quod
288 430 438 508 quattuor
461 425 541 488 locis
561 425 636 487 huic
660 423 756 487 verbo
777 424 964 507 adiungitur
982 425 1118 506 dodvns
1137 427 1230 489 cuius
1252 428 1352 490 varia·
1383 454 1385 459 ·
1477 468 1479 472 -

176 534 270 596 tionis
294 538 482 614 argumenta
506 550 568 593 nou
595 531 716 595 desunt
738 532 771 593 in
795 531 935 613 Appulei
960 535 1146 612 sermono.¹)

264 638 338 702 Met.
367 638 460 720 170,9
490 637 567 719 (IX,
591 639 654 719 25).
707 637 959 721 Luetjohannes,
992 641 1144 721 quoniam
1177 639 1352 704 absurdum

175 749 204 810 ei
224 745 393 810 videbatur
401 747 425 825 2)
446 746 562 809 tacite
580 745 689 808 saasi
708 765 746 807 ac
764 745 895 824 deniqne
906 746 1069 826 persensi,
1090 742 1216 830 scripsit
1232 752 1354 830 praeter

177 856 244 917 veri
288 852 530 916 similitudinem
571 853 663 916 tacite
700 851 799 914 adiret
834 852 925 914 suasi
958 872 996 914 ac
1033 853 1165 933 aniane
1201 854 1353 934 persuasi

176 960 326 1024 secederet
344 958 513 1039 paalalna
538 979 605 1042 sqq.
652 958 735 1022 Nam
754 965 791 1022 ut
813 961 870 1022 vix
894 960 1074 1043 Appuleius
1097 959 1231 1024 verbum
1255 961 1352 1024 eundi

175 1074 240 1131 tam
270 1068 350 1130 dure
379 1072 410 1129 et
434 1066 584 1149 languide
607 1068 772 1149 repetiisse
794 1065 958 1149 putandus
986 1073 1047 1148 est,
1073 1069 1118 1130 ita
1142 1065 1236 1132 verba
1263 1067 1365 1131 saasi-

176 1195 214 1238 ae
256 1173 388 1254 dmiccc
426 1172 576 1252 persuasi
626 1178 692 1236 arte
734 1192 804 1236 esse
846 1173 1069 1256 coniungenda
1111 1174 1160 1237 his
1198 1175 1354 1258 exemplis

177 1283 253 1344 satis
281 1280 430 1344 efficitur:
465 1281 557 1364 Apol.
582 1300 607 1342 o.
633 1280 689 1354 933
725 1278 798 1343 Met.
823 1279 895 1357 VH,
924 1281 958 1358 43
992 1279 1105 1361 1V‚2.
1157 1281 1354 1345 Evanesoere

177 1387 345 1450 difficultas
387 1389 465 1450 mihi
508 1386 675 1450 videbatur
715 1387 807 1450 tacite
849 1388 1068 1469 interpretanti
1105 1392 1231 1466 secreto,
1273 1387 1354 1451 clara

178 1495 290 1557 marito
318 1497 367 1575 (ut
391 1493 464 1557 Met.
492 1495 602 1574 141,4;
630 1494 760 1571 170‚22;
786 1494 884 1574 alias).
933 1496 975 1556 At
1006 1499 1110 1558 tanren
1144 1495 1221 1558 haec
1253 1496 1366 1579 expli·

182 1601 271 1663 candi
298 1603 377 1663 ratio
406 1601 582 1664 sententiae
611 1619 675 1662 non
705 1600 870 1681 satisfacit,
900 1603 1051 1684 qnoniam
1081 1601 1209 1666 absente
1232 1604 1355 1682 marito,

180 1709 235 1790 qui
259 1708 491 1791 deprehensum
518 1706 699 1771 adulterum
723 1709 754 1770 in
781 1710 981 1791 angiportum
1001 1711 1183 1792 proximam
1206 1711 1355 1794 deportat,

177 1835 237 1878 cur
257 1817 358 1898 pistor
377 1815 486 1878 furtim
507 1815 585 1877 illud
605 1815 731 1878 mulieri
752 1815 891 1892 suadeat,
915 1836 980 1879 non
999 1819 1196 1900 perspicitur.
1240 1815 1355 1881 Omnia

180 1922 273 2004 plana
292 1926 409 2001 essent,
433 1923 460 1984 si
479 1921 594 1985 referre
618 1921 726 1984 liceret
748 1922 842 1985 tacite
860 1923 899 1985 ad
918 1923 1101 1996 secedenti)
1141 1922 1229 1999 Quae
1249 1931 1355 1987 tamen

178 2030 341 2091 collocatio
361 2048 434 2092 cunr
455 2030 551 2091 nimis
571 2029 651 2091 dura
671 2029 724 2109 sit,
747 2029 839 2092 tacite
859 2030 1064 2113 depravatum
1086 2049 1156 2092 esso
1175 2031 1253 2093 mihi
1271 2030 1356 2094 vide·

178 2141 240 2198 tur.
287 2134 433 2199 Fortasse
462 2137 589 2219 scripsit
611 2135 804 2219 Appuleius:
832 2137 1037 2202 tenaciter
1062 2139 1183 2201 suasi
1206 2158 1245 2199 aa
1268 2137 1354 2200 dcci-

178 2263 237 2322 pae
266 2243 414 2322 persuasi
447 2263 515 2326 sqq.
579 2247 682 2326 Aegre
715 2248 746 2305 et
780 2242 908 2327 longius
937 2244 1114 2309 insistendo
1144 2264 1271 2308 naccam
1303 2243 1356 2306 ob·

179 2351 324 2431 tinuisse,
349 2357 384 2412 ut
409 2350 525 2414 mulier
548 2351 640 2412 domo
664 2349 803 2431 cederet,
835 2350 1033 2415 demonstrat
1056 2351 1244 2415 adverbium
1268 2352 1355 2414 ricci-

180 2477 253 2536 paa·
291 2458 335 2520 ita
368 2457 516 2520 lecaciter
550 2458 641 2521 acrasi
674 2463 745 2541 apte
779 2459 957 2541 exprimere
985 2459 1121 2539 videtur,
1155 2477 1227 2521 eum
1263 2460 1354 2541 quasi

180 2564 355 2627 inhaesisse
378 2564 509 2626 fullonis
533 2566 638 2645 uxori,
662 2565 763 2628 donec
787 2565 949 2628 suadendo
973 2566 1122 2629 vinceret.

270 2669 343 2733 Met.
376 2671 491 2751 173‚10
525 2669 599 2752 (lX,
630 2672 703 2750 aar:
737 2671 851 2734 Narrat
878 2672 1058 2755 Appuleius
1090 2673 1220 2755 pistoris
1248 2692 1356 2737 servos

179 2777 339 2841 frumento
364 2777 505 2841 confecto
530 2797 650 2840 novam
674 2779 839 2861 petituros,
862 2799 935 2842 curn
961 2778 1148 2843 cubiculum
1172 2781 1242 2843 eius
1267 2780 1356 2843 obse·

180 2892 285 2948 ratum
316 2885 523 2952 offendissent
550 2905 731 2968 magnoque
763 2888 895 2969 strepitu
923 2886 1006 2950 facto
1035 2887 1127 2950 illum
1156 2889 1262 2950 excire
1293 2907 1355 2950 nau

181 2994 368 3075 potuissent,
386 2991 506 3055 malum
523 2993 700 3075 suspicatos
714 2992 797 3056 fores
817 2993 1014 3076 perfregisse.
1043 2993 1132 3058 Haec
1146 2995 1192 3057 sic
1207 3009 1358 3078 expressa

182 3105 272 3162 sunt:
297 3103 389 3179 atqne
407 3103 443 3162 nt
464 3098 530 3162 illis
553 3098 710 3179 sapiente
732 3104 761 3162 et
777 3099 1005 3164 intervocaliter
1024 3100 1231 3164 occaecans
1249 3096 1358 3163 accitas

180 3207 342 3285 respondit
372 3206 530 3287 dominiis,
562 3211 627 3268 iarn
658 3206 742 3287 feres
767 3205 902 3286 paeane
933 3206 1071 3270 vaiirlins
1103 3212 1130 3271 ct
1149 3255 1155 3269 .
1176 3256 1182 3270 .
1203 3256 1209 3270 .
1233 3207 1357 3270 tandem

176 3312 378 3393 patefaciant
399 3313 529 3376 aditan.
578 3312 758 3396 Ambigitur
788 3313 826 3376 de
855 3313 1004 3376 adverbio
1028 3313 1255 3378 intervocaliter
1279 3316 1357 3378 mire

183 3422 371 3503 composita
393 3420 519 3502 qualem
536 3421 620 3483 enirn
639 3421 775 3503 simplici
790 3419 968 3500 vocaliter4)
984 3420 1249 3504 significationem
1265 3423 1359 3485 addat

182 3528 370 3610 praepositio
389 3529 481 3607 inter,
499 3529 556 3589 vix
572 3528 741 3609 quisquam
754 3527 845 3592 dicat.
873 3526 986 3609 Itaque
1004 3547 1185 3609 synonyma
1199 3528 1359 3612 copnlavit

183 3632 397 3713 Bursianusn
422 3640 453 3698 et
472 3634 655 3698 construxit
678 3638 802 3716 praeter
821 3634 974 3696 rationem
998 3635 1029 3708 in
1056 3636 1186 3698 modum
1211 3636 1357 3699 intolera-

182 3741 395 3749 —s———

175 3839 176 3842 Ἴ
274 3776 300 3843 1)
319 3775 357 3830 Cf.
376 3776 496 3830 residere
519 3792 580 3830 cum
600 3775 691 3829 dativo
714 3778 741 3828 et
753 3775 933 3841 accusativo,
957 3775 1089 3840 conplere
1108 3792 1170 3829 cum
1190 3776 1313 3844 genetivo
1331 3780 1358 3830 et

183 3864 309 3933 ablativa,
329 3865 388 3919 alia.

272 3954 299 4018 2)
318 3953 350 4008 ln
365 3954 584 4009 adnotationibus
599 3953 703 4008 criticis
718 3953 829 4007 editioni
844 3953 906 4006 libri
916 3954 948 4007 de
958 3955 1008 4007 deo
1019 3953 1136 4008 Socratis
1152 3955 1263 4008 adiectis
1275 3973 1298 4023 p.
1314 3956 1357 4010 30.

272 4045 299 4110 3)
319 4043 377 4098 Hoc
397 4044 485 4111 placet
502 4043 639 4112 Diltheyo.

272 4135 299 4201 4)
318 4133 377 4187 Hoc
396 4133 494 4201 legitur
518 4132 601 4186 simili
624 4133 683 4186 loco
702 4131 764 4186 liet.
784 4131 842 4200 126
870 4132 987 4184 ianrcan
1014 4133 1131 4200 firmiter
1154 4133 1358 4201 oppessulatam

180 4222 297 4288 paleare
315 4223 445 4275 ruraliter·
463 4223 575 4290 incipio,
1072 4236 1074 4240 ’

274 4313 300 4379 5)
320 4312 351 4364 ln
373 4311 622 4380 Sitaarrpslrerrclate
641 4311 690 4364 der
708 4310 883 4365 Maracitana·
902 4311 1051 4365 Alacdecn'e
1069 4328 1093 4367 a.
1114 4310 1190 4380 1882,
1211 4331 1234 4382 p.
1256 4314 1315 4367 137.
