<?xml version="1.0" encoding="UTF-8"?>
<!DOCTYPE html PUBLIC "-//W3C//DTD XHTML 1.0 Transitional//EN"
    "http://www.w3.org/TR/xhtml1/DTD/xhtml1-transitional.dtd">
<html xmlns="http://www.w3.org/1999/xhtml" xml:lang="en" lang="en">
 <head>
  <title>
</title>
<meta http-equiv="Content-Type" content="text/html;charset=utf-8" />
  <meta name='ocr-system' content='tesseract 3.04.00' />
  <meta name='ocr-capabilities' content='ocr_page ocr_carea ocr_par ocr_line ocrx_word'/>
</head>
<body>
  <div class='ocr_page' id='page_1' title='image "./quaestionesappu00beytgoog_0051.png"; bbox 0 0 3044 4756; ppageno 0'>
   <div class='ocr_carea' id='block_1_1' title="bbox 637 234 856 296">
    <p class='ocr_par' dir='ltr' id='par_1_1' title="bbox 637 234 856 296">
     <span class='ocr_line' id='line_1_1' title="bbox 637 234 856 296; baseline 0.005 -17"><span class='ocrx_word' id='word_1_1' title='bbox 637 234 856 296; x_wconf 66' lang='grc'>-44-</span> 
     </span>
    </p>
   </div>
   <div class='ocr_carea' id='block_1_2' title="bbox 116 411 1410 3384">
    <p class='ocr_par' dir='ltr' id='par_1_2' title="bbox 158 411 1339 798">
     <span class='ocr_line' id='line_1_2' title="bbox 160 411 1339 495; baseline 0 -18"><span class='ocrx_word' id='word_1_2' title='bbox 160 413 301 477; x_wconf 87' lang='lat' dir='ltr'><em>debebat.</em></span> <span class='ocrx_word' id='word_1_3' title='bbox 343 411 430 475; x_wconf 82' lang='lat' dir='ltr'><em>Nam&#39;</em></span> <span class='ocrx_word' id='word_1_4' title='bbox 447 411 543 475; x_wconf 89' lang='lat' dir='ltr'><em>verbo</em></span> <span class='ocrx_word' id='word_1_5' title='bbox 562 412 801 475; x_wconf 82' lang='lat' dir='ltr'><em>arnitternliboc</em></span> <span class='ocrx_word' id='word_1_6' title='bbox 824 412 892 474; x_wconf 88' lang='lat' dir='ltr'><em>loco</em></span> <span class='ocrx_word' id='word_1_7' title='bbox 912 413 995 476; x_wconf 89' lang='lat' dir='ltr'><em>inest</em></span> <span class='ocrx_word' id='word_1_8' title='bbox 1016 414 1100 475; x_wconf 90' lang='lat' dir='ltr'><em>notin</em></span> <span class='ocrx_word' id='word_1_9' title='bbox 1120 413 1339 495; x_wconf 59' lang='lat' dir='ltr'><em>lirinittanlib,</em></span> 
     </span>
     <span class='ocr_line' id='line_1_3' title="bbox 160 518 1338 604; baseline 0.001 -21"><span class='ocrx_word' id='word_1_10' title='bbox 160 541 224 604; x_wconf 90' lang='lat' dir='ltr'><em>qua</em></span> <span class='ocrx_word' id='word_1_11' title='bbox 247 520 326 584; x_wconf 91' lang='lat' dir='ltr'><em>illud</em></span> <span class='ocrx_word' id='word_1_12' title='bbox 349 540 423 582; x_wconf 90' lang='lat' dir='ltr'><em>cum</em></span> <span class='ocrx_word' id='word_1_13' title='bbox 453 540 471 582; x_wconf 87' lang='lat' dir='ltr'><em>a</em></span> <span class='ocrx_word' id='word_1_14' title='bbox 499 518 705 602; x_wconf 82' lang='lat' dir='ltr'>scriptoribus</span> <span class='ocrx_word' id='word_1_15' title='bbox 729 521 850 602; x_wconf 87' lang='lat' dir='ltr'><em>priscae</em></span> <span class='ocrx_word' id='word_1_16' title='bbox 873 519 1084 601; x_wconf 73' lang='lat' dir='ltr'><em>latinitatis2),</em></span> <span class='ocrx_word' id='word_1_17' title='bbox 1108 525 1176 583; x_wconf 90' lang='lat' dir='ltr'><em>tum</em></span> <span class='ocrx_word' id='word_1_18' title='bbox 1200 540 1275 584; x_wconf 90' lang='lat' dir='ltr'><em>vero</em></span> <span class='ocrx_word' id='word_1_19' title='bbox 1299 522 1338 584; x_wconf 88' lang='lat' dir='ltr'><em>ab</em></span> 
     </span>
     <span class='ocr_line' id='line_1_4' title="bbox 158 626 1338 711; baseline 0 -20"><span class='ocrx_word' id='word_1_20' title='bbox 158 629 227 711; x_wconf 89' lang='lat' dir='ltr'><em>ipso</em></span> <span class='ocrx_word' id='word_1_21' title='bbox 252 627 410 710; x_wconf 91' lang='lat' dir='ltr'><em>Appuleio</em></span> <span class='ocrx_word' id='word_1_22' title='bbox 436 632 623 710; x_wconf 85' lang='lat' dir='ltr'><em>usurpatum</em></span> <span class='ocrx_word' id='word_1_23' title='bbox 654 626 831 705; x_wconf 82' lang='lat' dir='ltr'><em>invenitur3</em></span> <span class='ocrx_word' id='word_1_24' title='bbox 867 626 903 692; x_wconf 88' lang='lat' dir='ltr'><em>cf.</em></span> <span class='ocrx_word' id='word_1_25' title='bbox 933 626 1006 691; x_wconf 89' lang='lat' dir='ltr'><em>Met.</em></span> <span class='ocrx_word' id='word_1_26' title='bbox 1038 627 1153 709; x_wconf 86' lang='grc'>136,26</span> <span class='ocrx_word' id='word_1_27' title='bbox 1180 629 1338 708; x_wconf 73' lang='lat' dir='ltr'><em>praaluns</em></span> 
     </span>
     <span class='ocr_line' id='line_1_5' title="bbox 159 733 654 798; baseline -0.008 0"><span class='ocrx_word' id='word_1_28' title='bbox 159 735 270 798; x_wconf 80' lang='lat' dir='ltr'><em>inediis</em></span> <span class='ocrx_word' id='word_1_29' title='bbox 297 733 443 797; x_wconf 80' lang='lat' dir='ltr'><em>inanibns</em></span> <span class='ocrx_word' id='word_1_30' title='bbox 474 734 654 797; x_wconf 83' lang='lat' dir='ltr'><em>amittimns.</em></span> 
     </span>
    </p>

    <p class='ocr_par' dir='ltr' id='par_1_3' title="bbox 159 838 1338 1134">
     <span class='ocr_line' id='line_1_6' title="bbox 250 838 1338 924; baseline 0.003 -21"><span class='ocrx_word' id='word_1_31' title='bbox 250 841 338 904; x_wconf 90' lang='lat' dir='ltr'><em>Idem</em></span> <span class='ocrx_word' id='word_1_32' title='bbox 372 840 535 903; x_wconf 72' lang='lat' dir='ltr'><em>arnibaneli</em></span> <span class='ocrx_word' id='word_1_33' title='bbox 566 838 757 902; x_wconf 87' lang='lat' dir='ltr'><em>vocabulum</em></span> <span class='ocrx_word' id='word_1_34' title='bbox 789 839 887 904; x_wconf 87' lang='lat' dir='ltr'><em>reddo</em></span> <span class='ocrx_word' id='word_1_35' title='bbox 916 839 1005 903; x_wconf 88' lang='lat' dir='ltr'><em>alteri</em></span> <span class='ocrx_word' id='word_1_36' title='bbox 1033 840 1230 924; x_wconf 89' lang='lat' dir='ltr'><em>Appuleiano</em></span> <span class='ocrx_word' id='word_1_37' title='bbox 1259 841 1338 924; x_wconf 88' lang='lat' dir='ltr'><em>loco,</em></span> 
     </span>
     <span class='ocr_line' id='line_1_7' title="bbox 162 945 1338 1035; baseline 0.003 -25"><span class='ocrx_word' id='word_1_38' title='bbox 162 948 219 1030; x_wconf 91' lang='lat' dir='ltr'><em>qui</em></span> <span class='ocrx_word' id='word_1_39' title='bbox 244 952 291 1010; x_wconf 90' lang='lat' dir='ltr'><em>est</em></span> <span class='ocrx_word' id='word_1_40' title='bbox 315 946 388 1010; x_wconf 85' lang='lat' dir='ltr'><em>Met.</em></span> <span class='ocrx_word' id='word_1_41' title='bbox 414 947 491 1028; x_wconf 87' lang='grc'>108,</span> <span class='ocrx_word' id='word_1_42' title='bbox 520 948 561 1009; x_wconf 87' lang='grc'><em>23</em></span> <span class='ocrx_word' id='word_1_43' title='bbox 586 967 683 1009; x_wconf 78' lang='lat' dir='ltr'><em>ornain</em></span> <span class='ocrx_word' id='word_1_44' title='bbox 710 946 747 1010; x_wconf 84' lang='lat' dir='ltr'><em>cle</em></span> <span class='ocrx_word' id='word_1_45' title='bbox 770 945 916 1010; x_wconf 79' lang='lat' dir='ltr'><em>neanibits</em></span> <span class='ocrx_word' id='word_1_46' title='bbox 943 947 1071 1010; x_wconf 89' lang='lat' dir='ltr'><em>arnittas</em></span> <span class='ocrx_word' id='word_1_47' title='bbox 1099 947 1168 1031; x_wconf 74' lang='lat' dir='ltr'><em>(ra</em></span> <span class='ocrx_word' id='word_1_48' title='bbox 1196 947 1338 1035; x_wconf 82' lang='lat' dir='ltr'><em>omittas)</em></span> 
     </span>
     <span class='ocr_line' id='line_1_8' title="bbox 159 1053 299 1134; baseline -0.021 -15"><span class='ocrx_word' id='word_1_49' title='bbox 159 1053 299 1134; x_wconf 77' lang='lat' dir='ltr'><em>offellarn.</em></span> 
     </span>
    </p>

    <p class='ocr_par' dir='ltr' id='par_1_4' title="bbox 154 1159 1340 1565">
     <span class='ocr_line' id='line_1_9' title="bbox 248 1159 1338 1245; baseline 0.003 -21"><span class='ocrx_word' id='word_1_50' title='bbox 248 1161 339 1245; x_wconf 89' lang='lat' dir='ltr'><em>Apol.</em></span> <span class='ocrx_word' id='word_1_51' title='bbox 365 1162 438 1242; x_wconf 77' lang='grc'>52,3</span> <span class='ocrx_word' id='word_1_52' title='bbox 463 1181 531 1244; x_wconf 86' lang='lat' dir='ltr'>sqq.</span> <span class='ocrx_word' id='word_1_53' title='bbox 557 1164 593 1240; x_wconf 88' lang='lat' dir='ltr'><em>(c.</em></span> <span class='ocrx_word' id='word_1_54' title='bbox 613 1159 710 1240; x_wconf 88' lang='lat' dir='ltr'>XLI).</span> <span class='ocrx_word' id='word_1_55' title='bbox 754 1159 858 1224; x_wconf 86' lang='lat' dir='ltr'><em>Ainnt</em></span> <span class='ocrx_word' id='word_1_56' title='bbox 880 1161 1037 1226; x_wconf 82' lang='lat' dir='ltr'><em>nrnliereni</em></span> <span class='ocrx_word' id='word_1_57' title='bbox 1058 1163 1189 1244; x_wconf 82' lang='lat' dir='ltr'><em>rnapicis</em></span> <span class='ocrx_word' id='word_1_58' title='bbox 1207 1163 1338 1242; x_wconf 87' lang='lat' dir='ltr'><em>artibns,</em></span> 
     </span>
     <span class='ocr_line' id='line_1_10' title="bbox 160 1267 1340 1351; baseline 0.002 -19"><span class='ocrx_word' id='word_1_59' title='bbox 160 1269 295 1333; x_wconf 79' lang='lat' dir='ltr'><em>ricarinis</em></span> <span class='ocrx_word' id='word_1_60' title='bbox 311 1267 461 1332; x_wconf 74' lang='lat' dir='ltr'><em>illecebris</em></span> <span class='ocrx_word' id='word_1_61' title='bbox 480 1289 501 1331; x_wconf 96' lang='lat' dir='ltr'><em>a</em></span> <span class='ocrx_word' id='word_1_62' title='bbox 515 1289 563 1330; x_wconf 77' lang='lat' dir='ltr'><em>nnc</em></span> <span class='ocrx_word' id='word_1_63' title='bbox 573 1268 707 1348; x_wconf 83' lang='lat' dir='ltr'><em>petitam</em></span> <span class='ocrx_word' id='word_1_64' title='bbox 726 1288 758 1331; x_wconf 94' lang='lat' dir='ltr'><em>eo</em></span> <span class='ocrx_word' id='word_1_65' title='bbox 773 1268 809 1330; x_wconf 91' lang='lat' dir='ltr'><em>in</em></span> <span class='ocrx_word' id='word_1_66' title='bbox 822 1272 962 1348; x_wconf 76' lang='lat' dir='ltr'><em>ternpore,</em></span> <span class='ocrx_word' id='word_1_67' title='bbox 982 1289 1041 1349; x_wconf 84' lang='lat' dir='ltr'><em>qno</em></span> <span class='ocrx_word' id='word_1_68' title='bbox 1051 1290 1099 1332; x_wconf 81' lang='lat' dir='ltr'><em>ine</em></span> <span class='ocrx_word' id='word_1_69' title='bbox 1111 1290 1174 1350; x_wconf 90' lang='lat' dir='ltr'><em>non</em></span> <span class='ocrx_word' id='word_1_70' title='bbox 1184 1269 1340 1351; x_wconf 85' lang='lat' dir='ltr'><em>ncpabnnt</em></span> 
     </span>
     <span class='ocr_line' id='line_1_11' title="bbox 161 1374 1340 1459; baseline 0.002 -20"><span class='ocrx_word' id='word_1_71' title='bbox 161 1377 196 1439; x_wconf 88' lang='lat' dir='ltr'><em>in</em></span> <span class='ocrx_word' id='word_1_72' title='bbox 218 1375 383 1440; x_wconf 74' lang='lat' dir='ltr'><em>Gaetuliae</em></span> <span class='ocrx_word' id='word_1_73' title='bbox 404 1375 640 1438; x_wconf 78' lang='lat' dir='ltr'><em>mediterraneis</em></span> <span class='ocrx_word' id='word_1_74' title='bbox 658 1374 719 1456; x_wconf 79' lang='lat' dir='ltr'><em>(Fa</em></span> <span class='ocrx_word' id='word_1_75' title='bbox 737 1375 968 1455; x_wconf 80' lang='lat' dir='ltr'><em>rncrliterranis)</em></span> <span class='ocrx_word' id='word_1_76' title='bbox 987 1376 1142 1440; x_wconf 80' lang='lat' dir='ltr'><em>rnontibins</em></span> <span class='ocrx_word' id='word_1_77' title='bbox 1158 1376 1267 1459; x_wconf 65' lang='lat' dir='ltr'><em>sitisse,</em></span> <span class='ocrx_word' id='word_1_78' title='bbox 1285 1377 1340 1441; x_wconf 88' lang='lat' dir='ltr'><em>nbi</em></span> 
     </span>
     <span class='ocr_line' id='line_1_12' title="bbox 154 1480 1338 1565; baseline 0.001 -19"><span class='ocrx_word' id='word_1_79' title='bbox 154 1485 260 1564; x_wconf 85' lang='lat' dir='ltr'><em>pisces</em></span> <span class='ocrx_word' id='word_1_80' title='bbox 273 1504 334 1562; x_wconf 87' lang='lat' dir='ltr'><em>per</em></span> <span class='ocrx_word' id='word_1_81' title='bbox 344 1481 551 1546; x_wconf 85' lang='lat' dir='ltr'><em>Deucalionis</em></span> <span class='ocrx_word' id='word_1_82' title='bbox 567 1480 688 1545; x_wconf 76' lang='lat' dir='ltr'><em>eliliroia</em></span> <span class='ocrx_word' id='word_1_83' title='bbox 701 1482 902 1561; x_wconf 82' lang='lat' dir='ltr'><em>reperiantur</em></span> <span class='ocrx_word' id='word_1_84' title='bbox 916 1482 1205 1564; x_wconf 75' lang='lat' dir='ltr'><em>(Frepperientnrtz</em></span> <span class='ocrx_word' id='word_1_85' title='bbox 1225 1484 1338 1565; x_wconf 79' lang='lat' dir='ltr'><em>qinrl³t</em></span> 
     </span>
    </p>

    <p class='ocr_par' dir='ltr' id='par_1_5' title="bbox 116 1580 1410 3384">
     <span class='ocr_line' id='line_1_13' title="bbox 116 1580 1339 1671; baseline -0.002 -17"><span class='ocrx_word' id='word_1_86' title='bbox 116 1580 120 1586; x_wconf 61' lang='grc'>’</span> <span class='ocrx_word' id='word_1_87' title='bbox 161 1611 212 1671; x_wconf 81' lang='lat' dir='ltr'><em>epo</em></span> <span class='ocrx_word' id='word_1_88' title='bbox 228 1588 371 1671; x_wconf 84' lang='lat' dir='ltr'><em>pratalor</em></span> <span class='ocrx_word' id='word_1_89' title='bbox 389 1589 508 1652; x_wconf 88' lang='lat' dir='ltr'><em>nescire</em></span> <span class='ocrx_word' id='word_1_90' title='bbox 525 1590 611 1669; x_wconf 85' lang='lat' dir='ltr'><em>istos,</em></span> <span class='ocrx_word' id='word_1_91' title='bbox 630 1587 736 1668; x_wconf 80' lang='lat' dir='ltr'><em>lepisse</em></span> <span class='ocrx_word' id='word_1_92' title='bbox 750 1608 797 1652; x_wconf 83' lang='lat' dir='ltr'><em>rne</em></span> <span class='ocrx_word' id='word_1_93' title='bbox 814 1588 1016 1668; x_wconf 79' lang='lat' dir='ltr'><em>lbeopbrasti</em></span> <span class='ocrx_word' id='word_1_94' title='bbox 1034 1610 1153 1669; x_wconf 79' lang='lat' dir='ltr'><em>qaoque</em></span> <span class='ocrx_word' id='word_1_95' title='bbox 1172 1589 1238 1671; x_wconf 77' lang='grc' dir='ltr'><em>περὶ</em></span> <span class='ocrx_word' id='word_1_96' title='bbox 1253 1590 1339 1652; x_wconf 82' lang='grc' dir='ltr'><em>δακε-</em></span> 
     </span>
     <span class='ocr_line' id='line_1_14' title="bbox 161 1692 1339 1780; baseline 0.005 -24"><span class='ocrx_word' id='word_1_97' title='bbox 161 1701 216 1757; x_wconf 79' lang='grc' dir='ltr'><em>τῶν</em></span> <span class='ocrx_word' id='word_1_98' title='bbox 234 1695 289 1757; x_wconf 86' lang='grc' dir='ltr'><em>καὶ</em></span> <span class='ocrx_word' id='word_1_99' title='bbox 307 1700 456 1778; x_wconf 77' lang='grc' dir='ltr'><em>βλητικῶν</em></span> <span class='ocrx_word' id='word_1_100' title='bbox 472 1696 509 1778; x_wconf 80' lang='lat' dir='ltr'><em>(Il</em></span> <span class='ocrx_word' id='word_1_101' title='bbox 531 1695 716 1780; x_wconf 80' lang='lat' dir='ltr'><em>BAlTaN)</em></span> <span class='ocrx_word' id='word_1_102' title='bbox 732 1699 760 1759; x_wconf 83' lang='lat' dir='ltr'><em>cl</em></span> <span class='ocrx_word' id='word_1_103' title='bbox 778 1692 939 1759; x_wconf 77' lang='lat' dir='ltr'><em>Nicandri</em></span> <span class='ocrx_word' id='word_1_104' title='bbox 958 1695 1109 1777; x_wconf 72' lang='lat' dir='ltr'><em>nlnpcauoi.</em></span> <span class='ocrx_word' id='word_1_105' title='bbox 1135 1696 1276 1761; x_wconf 72' lang='lat' dir='ltr'><em>(lateram</em></span> <span class='ocrx_word' id='word_1_106' title='bbox 1291 1719 1339 1762; x_wconf 79' lang='lat' dir='ltr'><em>tlte</em></span> 
     </span>
     <span class='ocr_line' id='line_1_15' title="bbox 157 1802 1340 1885; baseline 0.001 -18"><span class='ocrx_word' id='word_1_107' title='bbox 157 1805 251 1868; x_wconf 81' lang='lat' dir='ltr'><em>etiarn</em></span> <span class='ocrx_word' id='word_1_108' title='bbox 269 1804 409 1884; x_wconf 69' lang='lat' dir='ltr'><em>veneficii</em></span> <span class='ocrx_word' id='word_1_109' title='bbox 427 1826 513 1869; x_wconf 71' lang='lat' dir='ltr'><em>renen</em></span> <span class='ocrx_word' id='word_1_110' title='bbox 533 1805 570 1885; x_wconf 81' lang='lat' dir='ltr'><em>(F</em></span> <span class='ocrx_word' id='word_1_111' title='bbox 589 1802 745 1882; x_wconf 74' lang='lat' dir='ltr'><em>beneflciis</em></span> <span class='ocrx_word' id='word_1_112' title='bbox 763 1805 843 1882; x_wconf 73' lang='lat' dir='ltr'><em>elren)</em></span> <span class='ocrx_word' id='word_1_113' title='bbox 857 1803 1067 1883; x_wconf 73' lang='lat' dir='ltr'><em>postularent,</em></span> <span class='ocrx_word' id='word_1_114' title='bbox 1091 1808 1132 1868; x_wconf 89' lang='lat' dir='ltr'><em>at</em></span> <span class='ocrx_word' id='word_1_115' title='bbox 1154 1804 1223 1884; x_wconf 81' lang='lat' dir='ltr'><em>pai</em></span> <span class='ocrx_word' id='word_1_116' title='bbox 1243 1805 1280 1885; x_wconf 85' lang='lat' dir='ltr'><em>(F</em></span> <span class='ocrx_word' id='word_1_117' title='bbox 1303 1811 1340 1869; x_wconf 88' lang='lat' dir='ltr'><em>nt</em></span> 
     </span>
     <span class='ocr_line' id='line_1_16' title="bbox 157 1909 1339 1995; baseline 0.002 -21"><span class='ocrx_word' id='word_1_118' title='bbox 157 1912 294 1995; x_wconf 81' lang='lat' dir='ltr'><em>qicielern)</em></span> <span class='ocrx_word' id='word_1_119' title='bbox 310 1910 363 1975; x_wconf 84' lang='lat' dir='ltr'><em>boc</em></span> <span class='ocrx_word' id='word_1_120' title='bbox 384 1909 537 1990; x_wconf 77' lang='lat' dir='ltr'><em>nepotiana</em></span> <span class='ocrx_word' id='word_1_121' title='bbox 555 1930 593 1973; x_wconf 83' lang='lat' dir='ltr'><em>ca</em></span> <span class='ocrx_word' id='word_1_122' title='bbox 612 1909 737 1974; x_wconf 87' lang='lat' dir='ltr'><em>lectione</em></span> <span class='ocrx_word' id='word_1_123' title='bbox 750 1914 779 1973; x_wconf 91' lang='lat' dir='ltr'><em>et</em></span> <span class='ocrx_word' id='word_1_124' title='bbox 791 1910 997 1974; x_wconf 79' lang='lat' dir='ltr'><em>amniclalionc</em></span> <span class='ocrx_word' id='word_1_125' title='bbox 1015 1911 1178 1975; x_wconf 87' lang='lat' dir='ltr'><em>Aristoteli</em></span> <span class='ocrx_word' id='word_1_126' title='bbox 1196 1917 1339 1976; x_wconf 90' lang='lat' dir='ltr'><em>nactns</em></span> 
     </span>
     <span class='ocr_line' id='line_1_17' title="bbox 159 2016 1336 2098; baseline 0.003 -18"><span class='ocrx_word' id='word_1_127' title='bbox 159 2019 230 2081; x_wconf 80' lang='lat' dir='ltr'><em>siin</em></span> <span class='ocrx_word' id='word_1_128' title='bbox 254 2018 290 2097; x_wconf 83' lang='lat' dir='ltr'><em>(F</em></span> <span class='ocrx_word' id='word_1_129' title='bbox 310 2024 388 2081; x_wconf 89' lang='lat' dir='ltr'><em>teste</em></span> <span class='ocrx_word' id='word_1_130' title='bbox 407 2016 625 2098; x_wconf 86' lang='lat' dir='ltr'><em>Luetjohanne</em></span> <span class='ocrx_word' id='word_1_131' title='bbox 648 2019 742 2098; x_wconf 84' lang='lat' dir='ltr'><em>sanc),</em></span> <span class='ocrx_word' id='word_1_132' title='bbox 763 2016 909 2081; x_wconf 79' lang='lat' dir='ltr'><em>nonnihil</em></span> <span class='ocrx_word' id='word_1_133' title='bbox 931 2021 960 2081; x_wconf 89' lang='lat' dir='ltr'><em>et</em></span> <span class='ocrx_word' id='word_1_134' title='bbox 982 2017 1112 2082; x_wconf 73' lang='lat' dir='ltr'><em>Halone</em></span> <span class='ocrx_word' id='word_1_135' title='bbox 1133 2039 1198 2082; x_wconf 82' lang='lat' dir='ltr'><em>neeo</em></span> <span class='ocrx_word' id='word_1_136' title='bbox 1222 2019 1336 2083; x_wconf 78' lang='lat' dir='ltr'><em>albor-</em></span> 
     </span>
     <span class='ocr_line' id='line_1_18' title="bbox 160 2122 1338 2208; baseline 0.001 -20"><span class='ocrx_word' id='word_1_137' title='bbox 160 2129 243 2188; x_wconf 88' lang='lat' dir='ltr'><em>tante</em></span> <span class='ocrx_word' id='word_1_138' title='bbox 262 2145 331 2208; x_wconf 89' lang='lat' dir='ltr'><em>sqq.</em></span> <span class='ocrx_word' id='word_1_139' title='bbox 355 2124 444 2187; x_wconf 88' lang='lat' dir='ltr'><em>Haec</em></span> <span class='ocrx_word' id='word_1_140' title='bbox 460 2122 565 2200; x_wconf 85' lang='lat' dir='ltr'><em>verba,</em></span> <span class='ocrx_word' id='word_1_141' title='bbox 585 2124 690 2207; x_wconf 89' lang='lat' dir='ltr'><em>qualia</em></span> <span class='ocrx_word' id='word_1_142' title='bbox 708 2125 742 2187; x_wconf 92' lang='lat' dir='ltr'><em>in</em></span> <span class='ocrx_word' id='word_1_143' title='bbox 763 2123 956 2189; x_wconf 88' lang='lat' dir='ltr'><em>editionibus</em></span> <span class='ocrx_word' id='word_1_144' title='bbox 975 2125 1137 2208; x_wconf 86' lang='lat' dir='ltr'><em>leguntur,</em></span> <span class='ocrx_word' id='word_1_145' title='bbox 1156 2127 1193 2189; x_wconf 90' lang='lat' dir='ltr'><em>ad</em></span> <span class='ocrx_word' id='word_1_146' title='bbox 1211 2132 1338 2191; x_wconf 84' lang='lat' dir='ltr'><em>senten-</em></span> 
     </span>
     <span class='ocr_line' id='line_1_19' title="bbox 160 2230 1410 2319; baseline 0.002 -24"><span class='ocrx_word' id='word_1_147' title='bbox 160 2233 236 2295; x_wconf 84' lang='lat' dir='ltr'><em>tiam</em></span> <span class='ocrx_word' id='word_1_148' title='bbox 264 2251 330 2294; x_wconf 92' lang='lat' dir='ltr'><em>non</em></span> <span class='ocrx_word' id='word_1_149' title='bbox 359 2233 562 2295; x_wconf 87' lang='lat' dir='ltr'><em>conveniunt.</em></span> <span class='ocrx_word' id='word_1_150' title='bbox 613 2230 716 2308; x_wconf 86' lang='lat' dir='ltr'><em>Nemo</em></span> <span class='ocrx_word' id='word_1_151' title='bbox 750 2233 834 2295; x_wconf 90' lang='lat' dir='ltr'><em>enim</em></span> <span class='ocrx_word' id='word_1_152' title='bbox 865 2231 954 2296; x_wconf 88' lang='lat' dir='ltr'><em>facile</em></span> <span class='ocrx_word' id='word_1_153' title='bbox 983 2233 1153 2316; x_wconf 81' lang='lat' dir='ltr'><em>intellegit,</em></span> <span class='ocrx_word' id='word_1_154' title='bbox 1181 2233 1259 2316; x_wconf 89' lang='lat' dir='ltr'><em>quid</em></span> <span class='ocrx_word' id='word_1_155' title='bbox 1288 2235 1337 2315; x_wconf 85' lang='lat' dir='ltr'><em>sit,</em></span> <span class='ocrx_word' id='word_1_156' title='bbox 1407 2313 1410 2319; x_wconf 38' lang='lat'>‚</span> 
     </span>
     <span class='ocr_line' id='line_1_20' title="bbox 160 2338 1337 2423; baseline 0.002 -21"><span class='ocrx_word' id='word_1_157' title='bbox 160 2339 245 2423; x_wconf 95' lang='lat' dir='ltr'><em>quod</em></span> <span class='ocrx_word' id='word_1_158' title='bbox 269 2339 451 2422; x_wconf 82' lang='lat' dir='ltr'><em>Appuleius</em></span> <span class='ocrx_word' id='word_1_159' title='bbox 478 2338 511 2400; x_wconf 90' lang='lat' dir='ltr'><em>in</em></span> <span class='ocrx_word' id='word_1_160' title='bbox 536 2339 717 2402; x_wconf 90' lang='lat' dir='ltr'><em>Aristotelis</em></span> <span class='ocrx_word' id='word_1_161' title='bbox 742 2338 951 2423; x_wconf 80' lang='lat' dir='ltr'><em>Platonisque</em></span> <span class='ocrx_word' id='word_1_162' title='bbox 978 2340 1127 2423; x_wconf 74' lang='lat' dir='ltr'><em>operibus</em></span> <span class='ocrx_word' id='word_1_163' title='bbox 1154 2340 1245 2404; x_wconf 90' lang='lat' dir='ltr'><em>lectis</em></span> <span class='ocrx_word' id='word_1_164' title='bbox 1268 2361 1337 2404; x_wconf 92' lang='lat' dir='ltr'><em>esse</em></span> 
     </span>
     <span class='ocr_line' id='line_1_21' title="bbox 160 2443 1335 2530; baseline 0 -20"><span class='ocrx_word' id='word_1_165' title='bbox 160 2467 288 2510; x_wconf 88' lang='lat' dir='ltr'><em>causam</em></span> <span class='ocrx_word' id='word_1_166' title='bbox 314 2446 402 2525; x_wconf 86' lang='lat' dir='ltr'><em>dicit,</em></span> <span class='ocrx_word' id='word_1_167' title='bbox 426 2464 484 2507; x_wconf 90' lang='lat' dir='ltr'><em>cur</em></span> <span class='ocrx_word' id='word_1_168' title='bbox 507 2443 654 2507; x_wconf 85' lang='lat' dir='ltr'><em>veneficii</em></span> <span class='ocrx_word' id='word_1_169' title='bbox 677 2446 783 2528; x_wconf 89' lang='lat' dir='ltr'><em>ipsum</em></span> <span class='ocrx_word' id='word_1_170' title='bbox 807 2454 1007 2509; x_wconf 78' lang='lat' dir='ltr'><em>accusatores</em></span> <span class='ocrx_word' id='word_1_171' title='bbox 1031 2447 1209 2528; x_wconf 78' lang='lat' dir='ltr'><em>postulent,</em></span> <span class='ocrx_word' id='word_1_172' title='bbox 1233 2467 1335 2530; x_wconf 88' lang='lat' dir='ltr'><em>nequa</em></span> 
     </span>
     <span class='ocr_line' id='line_1_22' title="bbox 160 2542 1335 2636; baseline 0.001 -20"><span class='ocrx_word' id='word_1_173' title='bbox 160 2574 250 2634; x_wconf 88' lang='lat' dir='ltr'><em>vero,</em></span> <span class='ocrx_word' id='word_1_174' title='bbox 279 2552 356 2636; x_wconf 90' lang='lat' dir='ltr'><em>quid</em></span> <span class='ocrx_word' id='word_1_175' title='bbox 380 2553 535 2635; x_wconf 89' lang='lat' dir='ltr'><em>pertineat</em></span> <span class='ocrx_word' id='word_1_176' title='bbox 558 2551 750 2614; x_wconf 89' lang='lat' dir='ltr'><em>veneficium</em></span> <span class='ocrx_word' id='word_1_177' title='bbox 774 2553 811 2614; x_wconf 90' lang='lat' dir='ltr'><em>ad</em></span> <span class='ocrx_word' id='word_1_178' title='bbox 837 2542 900 2615; x_wconf 36' lang='lat' dir='ltr'><em>hos*</em></span> <span class='ocrx_word' id='word_1_179' title='bbox 918 2553 1137 2636; x_wconf 82' lang='lat' dir='ltr'><em>philosophos,</em></span> <span class='ocrx_word' id='word_1_180' title='bbox 1165 2554 1218 2617; x_wconf 90' lang='lat' dir='ltr'><em>ille</em></span> <span class='ocrx_word' id='word_1_181' title='bbox 1242 2553 1335 2618; x_wconf 83' lang='lat' dir='ltr'><em>verbo</em></span> 
     </span>
     <span class='ocr_line' id='line_1_23' title="bbox 160 2639 1337 2744; baseline 0 -20"><span class='ocrx_word' id='word_1_182' title='bbox 160 2662 270 2744; x_wconf 85' lang='lat' dir='ltr'><em>attigit.</em></span> <span class='ocrx_word' id='word_1_183' title='bbox 322 2639 415 2722; x_wconf 84' lang='lat' dir='ltr'><em>Hanc</em></span> <span class='ocrx_word' id='word_1_184' title='bbox 443 2658 662 2723; x_wconf 86' lang='lat' dir='ltr'><em>difficultatem</em></span> <span class='ocrx_word' id='word_1_185' title='bbox 691 2679 755 2722; x_wconf 90' lang='lat' dir='ltr'><em>non</em></span> <span class='ocrx_word' id='word_1_186' title='bbox 789 2649 984 2743; x_wconf 84' lang='lat' dir='ltr'><em>Appuleius,</em></span> <span class='ocrx_word' id='word_1_187' title='bbox 1015 2661 1069 2723; x_wconf 90' lang='lat' dir='ltr'><em>sed</em></span> <span class='ocrx_word' id='word_1_188' title='bbox 1099 2659 1219 2724; x_wconf 88' lang='lat' dir='ltr'><em>librarii</em></span> <span class='ocrx_word' id='word_1_189' title='bbox 1252 2662 1337 2725; x_wconf 87' lang='lat' dir='ltr'><em>exci-</em></span> 
     </span>
     <span class='ocr_line' id='line_1_24' title="bbox 160 2767 1338 2850; baseline 0 -19"><span class='ocrx_word' id='word_1_190' title='bbox 160 2774 309 2831; x_wconf 87' lang='lat' dir='ltr'><em>taverunt</em></span> <span class='ocrx_word' id='word_1_191' title='bbox 333 2768 507 2829; x_wconf 87' lang='lat' dir='ltr'><em>orationem</em></span> <span class='ocrx_word' id='word_1_192' title='bbox 532 2767 646 2829; x_wconf 81' lang='lat' dir='ltr'><em>misere</em></span> <span class='ocrx_word' id='word_1_193' title='bbox 671 2767 887 2849; x_wconf 84' lang='lat' dir='ltr'><em>depravantes,</em></span> <span class='ocrx_word' id='word_1_194' title='bbox 916 2787 980 2850; x_wconf 88' lang='lat' dir='ltr'><em>qua</em></span> <span class='ocrx_word' id='word_1_195' title='bbox 1002 2768 1036 2829; x_wconf 90' lang='lat' dir='ltr'><em>in</em></span> <span class='ocrx_word' id='word_1_196' title='bbox 1061 2769 1258 2832; x_wconf 88' lang='lat' dir='ltr'><em>emendanda</em></span> <span class='ocrx_word' id='word_1_197' title='bbox 1283 2768 1338 2831; x_wconf 94' lang='lat' dir='ltr'><em>ho·</em></span> 
     </span>
     <span class='ocr_line' id='line_1_25' title="bbox 160 2873 1337 2957; baseline 0 -19"><span class='ocrx_word' id='word_1_198' title='bbox 160 2876 263 2938; x_wconf 89' lang='lat' dir='ltr'><em>mines</em></span> <span class='ocrx_word' id='word_1_199' title='bbox 293 2875 376 2937; x_wconf 90' lang='lat' dir='ltr'><em>docti</em></span> <span class='ocrx_word' id='word_1_200' title='bbox 404 2893 518 2957; x_wconf 91' lang='lat' dir='ltr'><em>parum</em></span> <span class='ocrx_word' id='word_1_201' title='bbox 552 2873 683 2936; x_wconf 89' lang='lat' dir='ltr'><em>luerunt</em></span> <span class='ocrx_word' id='word_1_202' title='bbox 715 2873 831 2936; x_wconf 89' lang='lat' dir='ltr'><em>felices.</em></span> <span class='ocrx_word' id='word_1_203' title='bbox 883 2874 1026 2957; x_wconf 85' lang='lat' dir='ltr'><em>Vestigia</em></span> <span class='ocrx_word' id='word_1_204' title='bbox 1054 2881 1160 2938; x_wconf 84' lang='lat' dir='ltr'><em>autem</em></span> <span class='ocrx_word' id='word_1_205' title='bbox 1191 2875 1337 2938; x_wconf 90' lang='lat' dir='ltr'><em>codicum</em></span> 
     </span>
     <span class='ocr_line' id='line_1_26' title="bbox 162 2963 1340 3064; baseline 0.001 -19"><span class='ocrx_word' id='word_1_206' title='bbox 162 2983 342 3045; x_wconf 90' lang='lat' dir='ltr'><em>accuratius</em></span> <span class='ocrx_word' id='word_1_207' title='bbox 369 2982 520 3043; x_wconf 87' lang='lat' dir='ltr'><em>rimantes</em></span> <span class='ocrx_word' id='word_1_208' title='bbox 555 2979 644 3042; x_wconf 91' lang='lat' dir='ltr'><em>nullo</em></span> <span class='ocrx_word' id='word_1_209' title='bbox 678 2981 804 3062; x_wconf 85' lang='lat' dir='ltr'><em>negotio</em></span> <span class='ocrx_word' id='word_1_210' title='bbox 836 2999 951 3050; x_wconf 20' lang='lat' dir='ltr'><em>,verum</em></span> <span class='ocrx_word' id='word_1_211' title='bbox 984 2983 1191 3045; x_wconf 85' lang='lat' dir='ltr'><em>restituemus</em></span> <span class='ocrx_word' id='word_1_212' title='bbox 1220 2963 1275 3064; x_wconf 90' lang='lat' dir='ltr'><em>pro</em></span> <span class='ocrx_word' id='word_1_213' title='bbox 1304 2986 1340 3046; x_wconf 91' lang='lat' dir='ltr'><em>nt</em></span> 
     </span>
     <span class='ocr_line' id='line_1_27' title="bbox 161 3079 1340 3167; baseline -0.001 -15"><span class='ocrx_word' id='word_1_214' title='bbox 161 3087 336 3152; x_wconf 88' lang='lat' dir='ltr'><em>scribentes</em></span> <span class='ocrx_word' id='word_1_215' title='bbox 364 3092 399 3166; x_wconf 89' lang='lat' dir='ltr'><em>et,</em></span> <span class='ocrx_word' id='word_1_216' title='bbox 427 3093 463 3151; x_wconf 90' lang='lat' dir='ltr'><em>ut</em></span> <span class='ocrx_word' id='word_1_217' title='bbox 486 3092 572 3150; x_wconf 87' lang='lat' dir='ltr'><em>totus</em></span> <span class='ocrx_word' id='word_1_218' title='bbox 592 3087 680 3149; x_wconf 92' lang='lat' dir='ltr'><em>locus</em></span> <span class='ocrx_word' id='word_1_219' title='bbox 699 3087 734 3148; x_wconf 87' lang='lat' dir='ltr'><em>in</em></span> <span class='ocrx_word' id='word_1_220' title='bbox 753 3086 840 3148; x_wconf 92' lang='lat' dir='ltr'><em>hunc</em></span> <span class='ocrx_word' id='word_1_221' title='bbox 859 3087 989 3150; x_wconf 90' lang='lat' dir='ltr'><em>modum</em></span> <span class='ocrx_word' id='word_1_222' title='bbox 1010 3088 1236 3151; x_wconf 74' lang='lat' dir='ltr'><em>conformetur:</em></span> <span class='ocrx_word' id='word_1_223' title='bbox 1257 3079 1340 3167; x_wconf 78' lang='lat' dir='ltr'><em>qniocl</em></span> 
     </span>
     <span class='ocr_line' id='line_1_28' title="bbox 160 3193 1339 3280; baseline 0.001 -21"><span class='ocrx_word' id='word_1_224' title='bbox 160 3216 211 3277; x_wconf 79' lang='lat' dir='ltr'><em>epo</em></span> <span class='ocrx_word' id='word_1_225' title='bbox 224 3193 388 3276; x_wconf 75' lang='lat' dir='ltr'><em>pratalrr.</em></span> <span class='ocrx_word' id='word_1_226' title='bbox 410 3244 416 3257; x_wconf 91' lang='lat'><strong>.</strong></span> <span class='ocrx_word' id='word_1_227' title='bbox 437 3244 443 3256; x_wconf 91' lang='lat'>.</span> <span class='ocrx_word' id='word_1_228' title='bbox 466 3193 623 3274; x_wconf 76' lang='grc' dir='ltr'><em>θηριακάε</em></span> <span class='ocrx_word' id='word_1_229' title='bbox 644 3197 798 3258; x_wconf 82' lang='lat' dir='ltr'><em>ceteram.</em></span> <span class='ocrx_word' id='word_1_230' title='bbox 818 3243 824 3255; x_wconf 91' lang='lat'><strong>.</strong></span> <span class='ocrx_word' id='word_1_231' title='bbox 845 3243 851 3255; x_wconf 90' lang='lat'><em>.</em></span> <span class='ocrx_word' id='word_1_232' title='bbox 866 3193 1072 3280; x_wconf 79' lang='lat' dir='ltr'><em>postularent.</em></span> <span class='ocrx_word' id='word_1_233' title='bbox 1097 3196 1152 3259; x_wconf 78' lang='lat' dir='ltr'><em>Et</em></span> <span class='ocrx_word' id='word_1_234' title='bbox 1166 3195 1339 3274; x_wconf 51' lang='lat' dir='ltr'><em>ansonem</em></span> 
     </span>
     <span class='ocr_line' id='line_1_29' title="bbox 160 3301 1338 3384; baseline -0.003 -17"><span class='ocrx_word' id='word_1_235' title='bbox 160 3301 216 3367; x_wconf 85' lang='lat' dir='ltr'><em>loc</em></span> <span class='ocrx_word' id='word_1_236' title='bbox 238 3302 392 3383; x_wconf 77' lang='lat' dir='ltr'><em>nepotiano</em></span> <span class='ocrx_word' id='word_1_237' title='bbox 417 3352 423 3364; x_wconf 91' lang='lat'><strong>.</strong></span> <span class='ocrx_word' id='word_1_238' title='bbox 448 3351 455 3363; x_wconf 91' lang='lat'><strong>.</strong></span> <span class='ocrx_word' id='word_1_239' title='bbox 480 3351 486 3363; x_wconf 91' lang='lat'>.</span> <span class='ocrx_word' id='word_1_240' title='bbox 510 3307 662 3366; x_wconf 80' lang='lat' dir='ltr'><em>nactus</em></span> <span class='ocrx_word' id='word_1_241' title='bbox 684 3304 784 3364; x_wconf 78' lang='lat' dir='ltr'><em>sicin</em></span> <span class='ocrx_word' id='word_1_242' title='bbox 805 3321 872 3384; x_wconf 91' lang='lat' dir='ltr'><em>sqq.</em></span> <span class='ocrx_word' id='word_1_243' title='bbox 920 3302 1002 3384; x_wconf 89' lang='lat' dir='ltr'><em>Apte</em></span> <span class='ocrx_word' id='word_1_244' title='bbox 1030 3308 1061 3365; x_wconf 92' lang='lat' dir='ltr'><em>et</em></span> <span class='ocrx_word' id='word_1_245' title='bbox 1089 3321 1155 3364; x_wconf 89' lang='lat' dir='ltr'><em>non</em></span> <span class='ocrx_word' id='word_1_246' title='bbox 1179 3303 1248 3365; x_wconf 90' lang='lat' dir='ltr'><em>sine</em></span> <span class='ocrx_word' id='word_1_247' title='bbox 1271 3322 1338 3364; x_wconf 90' lang='lat' dir='ltr'><em>am-</em></span> 
     </span>
    </p>
   </div>
   <div class='ocr_carea' id='block_1_3' title="bbox 122 3476 1339 4356">
    <p class='ocr_par' dir='ltr' id='par_1_6' title="bbox 252 3476 881 3548">
     <span class='ocr_line' id='line_1_30' title="bbox 252 3476 881 3548; baseline -0.002 -16"><span class='ocrx_word' id='word_1_248' title='bbox 252 3479 278 3548; x_wconf 88' lang='lat'><em>1)</em></span> <span class='ocrx_word' id='word_1_249' title='bbox 297 3478 355 3533; x_wconf 91' lang='lat' dir='ltr'><em>Hoc</em></span> <span class='ocrx_word' id='word_1_250' title='bbox 374 3480 446 3532; x_wconf 88' lang='lat' dir='ltr'><em>recte</em></span> <span class='ocrx_word' id='word_1_251' title='bbox 465 3479 568 3532; x_wconf 86' lang='lat' dir='ltr'><em>dudum</em></span> <span class='ocrx_word' id='word_1_252' title='bbox 587 3477 721 3532; x_wconf 84' lang='lat' dir='ltr'><em>intellexit</em></span> <span class='ocrx_word' id='word_1_253' title='bbox 739 3476 881 3544; x_wconf 59' lang='lat' dir='ltr'><em>Pricaeus„</em></span> 
     </span>
    </p>

    <p class='ocr_par' dir='ltr' id='par_1_7' title="bbox 159 3567 1339 3904">
     <span class='ocr_line' id='line_1_31' title="bbox 249 3567 1337 3638; baseline -0.003 -16"><span class='ocrx_word' id='word_1_254' title='bbox 249 3569 279 3638; x_wconf 80' lang='grc'><em>2)</em></span> <span class='ocrx_word' id='word_1_255' title='bbox 297 3567 388 3622; x_wconf 87' lang='lat' dir='ltr'><em>Plauti</em></span> <span class='ocrx_word' id='word_1_256' title='bbox 406 3567 463 3622; x_wconf 89' lang='lat' dir='ltr'><em>mil.</em></span> <span class='ocrx_word' id='word_1_257' title='bbox 479 3568 503 3635; x_wconf 83' lang='lat'><em>2,</em></span> <span class='ocrx_word' id='word_1_258' title='bbox 523 3570 547 3634; x_wconf 82' lang='lat'><em>5,</em></span> <span class='ocrx_word' id='word_1_259' title='bbox 567 3568 600 3619; x_wconf 83' lang='lat'><em>47</em></span> <span class='ocrx_word' id='word_1_260' title='bbox 621 3568 744 3621; x_wconf 85' lang='lat' dir='ltr'><em>amittere</em></span> <span class='ocrx_word' id='word_1_261' title='bbox 758 3568 894 3634; x_wconf 66' lang='lat' dir='ltr'><em>incedant</em></span> <span class='ocrx_word' id='word_1_262' title='bbox 912 3567 1040 3620; x_wconf 79' lang='lat' dir='ltr'><em>inanibns</em></span> <span class='ocrx_word' id='word_1_263' title='bbox 1060 3568 1181 3635; x_wconf 81' lang='lat' dir='ltr'><em>(tortasse</em></span> <span class='ocrx_word' id='word_1_264' title='bbox 1196 3569 1265 3622; x_wconf 83' lang='lat' dir='ltr'><em>hanc</em></span> <span class='ocrx_word' id='word_1_265' title='bbox 1285 3569 1337 3622; x_wconf 87' lang='lat' dir='ltr'><em>lor-</em></span> 
     </span>
     <span class='ocr_line' id='line_1_32' title="bbox 161 3657 1338 3727; baseline -0.003 -14"><span class='ocrx_word' id='word_1_266' title='bbox 161 3659 263 3714; x_wconf 86' lang='lat' dir='ltr'><em>mulam</em></span> <span class='ocrx_word' id='word_1_267' title='bbox 283 3657 434 3727; x_wconf 82' lang='lat' dir='ltr'><em>Appuleius</em></span> <span class='ocrx_word' id='word_1_268' title='bbox 458 3657 588 3711; x_wconf 87' lang='lat' dir='ltr'><em>ePlauto</em></span> <span class='ocrx_word' id='word_1_269' title='bbox 607 3658 766 3724; x_wconf 77' lang='lat' dir='ltr'><em>transtulit),</em></span> <span class='ocrx_word' id='word_1_270' title='bbox 791 3658 847 3711; x_wconf 82' lang='lat' dir='ltr'><em>Ter.</em></span> <span class='ocrx_word' id='word_1_271' title='bbox 867 3658 949 3727; x_wconf 87' lang='lat' dir='ltr'><em>heaut</em></span> <span class='ocrx_word' id='word_1_272' title='bbox 969 3659 1038 3725; x_wconf 78' lang='lat'><em>3,1,</em></span> <span class='ocrx_word' id='word_1_273' title='bbox 1058 3658 1089 3710; x_wconf 83' lang='lat' dir='ltr'><em>ll</em></span> <span class='ocrx_word' id='word_1_274' title='bbox 1115 3657 1163 3713; x_wconf 80' lang='lat' dir='ltr'><em>aba</em></span> <span class='ocrx_word' id='word_1_275' title='bbox 1183 3664 1207 3710; x_wconf 87' lang='lat' dir='ltr'><em>te</em></span> <span class='ocrx_word' id='word_1_276' title='bbox 1225 3657 1338 3726; x_wconf 73' lang='lat' dir='ltr'><em>anilitas</em></span> 
     </span>
     <span class='ocr_line' id='line_1_33' title="bbox 159 3731 1339 3817; baseline -0.003 -16"><span class='ocrx_word' id='word_1_277' title='bbox 159 3748 250 3816; x_wconf 72' lang='lat' dir='ltr'><em>tiliam</em></span> <span class='ocrx_word' id='word_1_278' title='bbox 265 3747 308 3817; x_wconf 88' lang='lat' dir='ltr'><em>(cf.</em></span> <span class='ocrx_word' id='word_1_279' title='bbox 320 3739 357 3801; x_wconf 54' lang='lat' dir='ltr'><em>&#39;ad</em></span> <span class='ocrx_word' id='word_1_280' title='bbox 371 3747 480 3801; x_wconf 85' lang='lat' dir='ltr'><em>Phorm.</em></span> <span class='ocrx_word' id='word_1_281' title='bbox 495 3747 520 3813; x_wconf 83' lang='lat'><em>3,</em></span> <span class='ocrx_word' id='word_1_282' title='bbox 536 3745 560 3813; x_wconf 82' lang='lat'><em>2,</em></span> <span class='ocrx_word' id='word_1_283' title='bbox 576 3746 609 3798; x_wconf 79' lang='grc'><em>22</em></span> <span class='ocrx_word' id='word_1_284' title='bbox 624 3747 760 3801; x_wconf 84' lang='lat' dir='ltr'><em>Donatum</em></span> <span class='ocrx_word' id='word_1_285' title='bbox 775 3747 849 3812; x_wconf 80' lang='lat' dir='ltr'><em>qaod</em></span> <span class='ocrx_word' id='word_1_286' title='bbox 863 3763 914 3799; x_wconf 81' lang='lat' dir='ltr'><em>rios</em></span> <span class='ocrx_word' id='word_1_287' title='bbox 928 3746 1045 3799; x_wconf 80' lang='lat' dir='ltr'><em>rlicirnns</em></span> <span class='ocrx_word' id='word_1_288' title='bbox 1064 3731 1207 3810; x_wconf 73' lang='lat' dir='ltr'><em>‹lirreittcra</em></span> <span class='ocrx_word' id='word_1_289' title='bbox 1226 3747 1339 3813; x_wconf 80' lang='lat' dir='ltr'><em>aritiqni</em></span> 
     </span>
     <span class='ocr_line' id='line_1_34' title="bbox 162 3835 1339 3904; baseline -0.003 -12"><span class='ocrx_word' id='word_1_290' title='bbox 162 3836 290 3892; x_wconf 72' lang='lat' dir='ltr'><em>(licebant</em></span> <span class='ocrx_word' id='word_1_291' title='bbox 308 3837 390 3890; x_wconf 84' lang='lat' dir='ltr'><em>ctiam</em></span> <span class='ocrx_word' id='word_1_292' title='bbox 409 3836 546 3900; x_wconf 85' lang='lat' dir='ltr'><em>amittere,</em></span> <span class='ocrx_word' id='word_1_293' title='bbox 570 3835 602 3888; x_wconf 88' lang='lat' dir='ltr'><em>de</em></span> <span class='ocrx_word' id='word_1_294' title='bbox 621 3835 672 3888; x_wconf 91' lang='lat' dir='ltr'><em>hoc</em></span> <span class='ocrx_word' id='word_1_295' title='bbox 692 3836 754 3888; x_wconf 82' lang='lat' dir='ltr'><em>ride</em></span> <span class='ocrx_word' id='word_1_296' title='bbox 773 3836 897 3889; x_wconf 90' lang='lat' dir='ltr'><em>Brixium</em></span> <span class='ocrx_word' id='word_1_297' title='bbox 920 3838 954 3890; x_wconf 86' lang='lat' dir='ltr'><em>ad</em></span> <span class='ocrx_word' id='word_1_298' title='bbox 973 3835 1064 3891; x_wconf 87' lang='lat' dir='ltr'><em>Plauti</em></span> <span class='ocrx_word' id='word_1_299' title='bbox 1083 3839 1152 3904; x_wconf 85' lang='lat' dir='ltr'><em>capt.</em></span> <span class='ocrx_word' id='word_1_300' title='bbox 1172 3835 1237 3904; x_wconf 91' lang='lat' dir='ltr'><em>prol.</em></span> <span class='ocrx_word' id='word_1_301' title='bbox 1258 3837 1292 3890; x_wconf 90' lang='grc'><em>36</em></span> <span class='ocrx_word' id='word_1_302' title='bbox 1311 3839 1339 3888; x_wconf 92' lang='lat' dir='ltr'><em>ct</em></span> 
     </span>
    </p>

    <p class='ocr_par' dir='ltr' id='par_1_8' title="bbox 122 3923 675 3993">
     <span class='ocr_line' id='line_1_35' title="bbox 122 3923 675 3993; baseline 0.002 -17"><span class='ocrx_word' id='word_1_303' title='bbox 122 3968 127 3976; x_wconf 93' lang='lat'><strong>.</strong></span> <span class='ocrx_word' id='word_1_304' title='bbox 160 3924 320 3981; x_wconf 84' lang='lat' dir='ltr'><em>Lorenzium</em></span> <span class='ocrx_word' id='word_1_305' title='bbox 344 3925 377 3978; x_wconf 88' lang='lat' dir='ltr'><em>ad</em></span> <span class='ocrx_word' id='word_1_306' title='bbox 395 3923 475 3979; x_wconf 85' lang='lat' dir='ltr'><em>Most.</em></span> <span class='ocrx_word' id='word_1_307' title='bbox 494 3925 565 3993; x_wconf 81' lang='grc'>417),</span> <span class='ocrx_word' id='word_1_308' title='bbox 672 3937 675 3942; x_wconf 90' lang='grc'><em>·</em></span> 
     </span>
    </p>

    <p class='ocr_par' dir='ltr' id='par_1_9' title="bbox 154 4013 1339 4356">
     <span class='ocr_line' id='line_1_36' title="bbox 252 4013 1337 4082; baseline 0 -16"><span class='ocrx_word' id='word_1_309' title='bbox 252 4014 279 4081; x_wconf 85' lang='grc'><em>3)</em></span> <span class='ocrx_word' id='word_1_310' title='bbox 298 4013 454 4068; x_wconf 88' lang='lat' dir='ltr'><em>Relativum</em></span> <span class='ocrx_word' id='word_1_311' title='bbox 469 4030 613 4082; x_wconf 89' lang='lat' dir='ltr'><em>pronomen</em></span> <span class='ocrx_word' id='word_1_312' title='bbox 629 4015 704 4081; x_wconf 78' lang='lat' dir='ltr'><em>qnocl</em></span> <span class='ocrx_word' id='word_1_313' title='bbox 717 4031 752 4067; x_wconf 87' lang='lat' dir='ltr'><em>ex</em></span> <span class='ocrx_word' id='word_1_314' title='bbox 766 4031 819 4067; x_wconf 88' lang='lat' dir='ltr'><em>usu</em></span> <span class='ocrx_word' id='word_1_315' title='bbox 834 4015 964 4069; x_wconf 89' lang='lat' dir='ltr'><em>sermonis</em></span> <span class='ocrx_word' id='word_1_316' title='bbox 977 4014 1112 4068; x_wconf 89' lang='lat' dir='ltr'><em>liberioris</em></span> <span class='ocrx_word' id='word_1_317' title='bbox 1126 4014 1171 4067; x_wconf 93' lang='lat' dir='ltr'><em>hic</em></span> <span class='ocrx_word' id='word_1_318' title='bbox 1186 4013 1337 4068; x_wconf 88' lang='lat' dir='ltr'><em>adhibitum</em></span> 
     </span>
     <span class='ocr_line' id='line_1_37' title="bbox 158 4103 1338 4176; baseline -0.002 -16"><span class='ocrx_word' id='word_1_319' title='bbox 158 4103 295 4176; x_wconf 81' lang='lat' dir='ltr'><em>significat</em></span> <span class='ocrx_word' id='word_1_320' title='bbox 307 4103 338 4155; x_wconf 91' lang='lat' dir='ltr'><em>in</em></span> <span class='ocrx_word' id='word_1_321' title='bbox 353 4103 466 4156; x_wconf 76' lang='lat' dir='ltr'><em>acelaber</em></span> <span class='ocrx_word' id='word_1_322' title='bbox 480 4103 622 4169; x_wconf 86' lang='lat' dir='ltr'><em>Hinsicbt,</em></span> <span class='ocrx_word' id='word_1_323' title='bbox 641 4104 702 4157; x_wconf 79' lang='lat' dir='ltr'><em>nini</em></span> <span class='ocrx_word' id='word_1_324' title='bbox 720 4104 830 4170; x_wconf 82' lang='lat' dir='ltr'><em>aaran,</em></span> <span class='ocrx_word' id='word_1_325' title='bbox 849 4121 902 4173; x_wconf 86' lang='lat' dir='ltr'><em>qua</em></span> <span class='ocrx_word' id='word_1_326' title='bbox 920 4104 1022 4158; x_wconf 88' lang='lat' dir='ltr'><em>ratione</em></span> <span class='ocrx_word' id='word_1_327' title='bbox 1041 4104 1074 4158; x_wconf 90' lang='lat' dir='ltr'><em>ab</em></span> <span class='ocrx_word' id='word_1_328' title='bbox 1089 4103 1147 4158; x_wconf 87' lang='lat' dir='ltr'><em>aliis</em></span> <span class='ocrx_word' id='word_1_329' title='bbox 1163 4104 1338 4171; x_wconf 85' lang='lat' dir='ltr'><em>scriptoribus</em></span> 
     </span>
     <span class='ocr_line' id='line_1_38' title="bbox 159 4187 1339 4263; baseline -0.002 -16"><span class='ocrx_word' id='word_1_330' title='bbox 159 4210 241 4263; x_wconf 80' lang='lat' dir='ltr'><em>saepe</em></span> <span class='ocrx_word' id='word_1_331' title='bbox 260 4195 416 4261; x_wconf 86' lang='lat' dir='ltr'><em>usurpatur,</em></span> <span class='ocrx_word' id='word_1_332' title='bbox 436 4193 468 4246; x_wconf 86' lang='lat' dir='ltr'><em>ab</em></span> <span class='ocrx_word' id='word_1_333' title='bbox 487 4193 546 4261; x_wconf 91' lang='lat' dir='ltr'><em>ipso</em></span> <span class='ocrx_word' id='word_1_334' title='bbox 566 4194 698 4262; x_wconf 83' lang='lat' dir='ltr'><em>Appuleio</em></span> <span class='ocrx_word' id='word_1_335' title='bbox 718 4210 770 4248; x_wconf 89' lang='lat' dir='ltr'><em>non</em></span> <span class='ocrx_word' id='word_1_336' title='bbox 790 4195 844 4246; x_wconf 79' lang='lat' dir='ltr'><em>lere</em></span> <span class='ocrx_word' id='word_1_337' title='bbox 863 4187 914 4248; x_wconf 87' lang='lat' dir='ltr'><em>nisi</em></span> <span class='ocrx_word' id='word_1_338' title='bbox 933 4193 1075 4262; x_wconf 83' lang='lat' dir='ltr'><em>particulis</em></span> <span class='ocrx_word' id='word_1_339' title='bbox 1092 4193 1191 4247; x_wconf 87' lang='lat' dir='ltr'><em>additis</em></span> <span class='ocrx_word' id='word_1_340' title='bbox 1212 4224 1244 4231; x_wconf 89' lang='lat'>—</span> <span class='ocrx_word' id='word_1_341' title='bbox 1264 4192 1339 4260; x_wconf 85' lang='lat' dir='ltr'><em>qnool</em></span> 
     </span>
     <span class='ocr_line' id='line_1_39' title="bbox 154 4282 1136 4356; baseline -0.002 -18"><span class='ocrx_word' id='word_1_342' title='bbox 154 4285 281 4354; x_wconf 63' lang='lat' dir='ltr'><em>utinam,</em></span> <span class='ocrx_word' id='word_1_343' title='bbox 300 4282 418 4356; x_wconf 84' lang='lat' dir='ltr'><em>quodsi</em></span> <span class='ocrx_word' id='word_1_344' title='bbox 438 4313 468 4320; x_wconf 91' lang='lat'>—</span> <span class='ocrx_word' id='word_1_345' title='bbox 488 4283 552 4353; x_wconf 88' lang='lat' dir='ltr'><em>poni</em></span> <span class='ocrx_word' id='word_1_346' title='bbox 570 4284 687 4339; x_wconf 82' lang='lat' dir='ltr'><em>videtur.</em></span> <span class='ocrx_word' id='word_1_347' title='bbox 1135 4297 1136 4300; x_wconf 71' lang='grc'>’</span> 
     </span>
    </p>
   </div>
   <div class='ocr_carea' id='block_1_4' title="bbox 0 0 1526 4756">
    <p class='ocr_par' dir='ltr' id='par_1_10' title="bbox 0 0 1526 4756">
     <span class='ocr_line' id='line_1_40' title="bbox 0 0 1526 4756; baseline 0 0"><span class='ocrx_word' id='word_1_348' title='bbox 0 0 1526 4756; x_wconf 95' lang='lat' dir='ltr'><em> </em></span> 
     </span>
    </p>
   </div>
  </div>
 </body>
</html>
