3044 4756
659 214 856 275 ..g..

173 396 311 457 litenim'
331 392 518 475 Kruegerus
555 393 647 454 toties
684 391 764 454 falso
807 393 980 475 scripturas
1010 392 1049 455 ab
1076 393 1101 455 F
1131 395 1345 476 discrepantes

171 501 406 565 exVictoriana
424 499 540 579 attulit,
559 498 614 561 ubi
634 500 852 582 conspirantes
872 519 930 582 ego
950 500 1151 583 deprehendi,
1170 506 1214 581 ut,
1234 521 1346 584 quam·

174 629 271 692 quam
304 606 469 670 nonnullis
499 607 576 669 locis
603 605 735 669 Victorii
769 606 916 670 adnotata
946 628 964 670 a
992 608 1110 671 codicis
1138 607 1163 669 F
1192 609 1346 691 seilptura

171 715 339 796 recedunt,
372 720 477 777 tamen
508 713 732 796 ambigendum
764 733 827 776 uon
857 715 913 796 sit,
944 716 1020 797 quin
1050 714 1211 778 Victorius
1241 713 1345 778 solum

171 823 312 886 codicem
337 822 362 885 F
385 822 563 886 contulerit.
607 819 698 896 Quod
722 826 759 883 ut
783 821 878 904 quam
903 821 1088 904 planissime
1111 821 1251 905 probem,
1274 823 1346 904 iam,

172 949 386 1014 quaecunque
409 930 473 993 huc
496 930 667 1013 pertinent,
691 928 817 992 afferam
848 929 962 991 omnia.
1011 928 1113 992 Antea
1137 949 1226 1006 vero,
1250 949 1346 1013 quem

173 1037 355 1121 disputandi
381 1037 525 1101 ordinem
550 1042 721 1100 secuturus
746 1037 816 1117 sim,
840 1055 1004 1120 exponam.

261 1147 310 1208 Ae
341 1147 479 1208 maxime
511 1144 636 1227 quidem
668 1143 821 1207 lectiones
846 1143 979 1206 Victorii
1012 1151 1044 1206 et
1073 1143 1146 1206 libri
1174 1143 1347 1208 Florentini

173 1259 252 1336 quot
277 1252 421 1315 differant
450 1258 481 1315 et
505 1251 664 1334 quomodo
695 1256 907 1334 comparatae,
936 1251 1115 1323 ostendam,
1144 1253 1282 1334 primum
1309 1253 1347 1315 de

172 1358 496 1442 Metanrorphosibus,
527 1357 640 1422 deinde
675 1358 712 1421 de
746 1357 896 1438 Floridis,
927 1365 1088 1442 postremo
1123 1359 1161 1422 de
1190 1359 1346 1442 Apologia

173 1468 341 1531 dIsserens.
389 1465 512 1530 Deinde
541 1486 599 1528 cur
627 1465 813 1542 codicemqr
847 1465 1029 1528 aViotorio
1060 1472 1247 1549 usurpatum
1277 1486 1347 1530 esse

172 1594 302 1658 negem,
336 1573 472 1637 breviter
507 1572 685 1657 explicabo,
721 1573 836 1656 hisque
872 1574 1024 1656 paucula,
1056 1593 1139 1656 quae
1175 1573 1215 1636 ad
1251 1573 1346 1636 iidem

173 1682 418 1765 corrigendique
451 1683 605 1745 rationem
630 1681 765 1744 Victorii
794 1687 825 1744 et
852 1679 1010 1762 Kruegeri
1038 1685 1194 1763 spectent,
1226 1681 1346 1744 addam.

174 1789 295 1865 Quodsi
328 1789 377 1852 his
407 1788 671 1872 inquisitionibus
704 1788 786 1851 clare
816 1793 1026 1850 monstratum
1060 1789 1135 1869 erit,
1168 1789 1349 1852 codicema

173 1897 316 1960 Victorio
337 1903 524 1980 excerptum
549 1896 574 1959 F
598 1897 707 1976 fuisse,
726 1915 832 1978 neque
856 1900 978 1977 praeter
1002 1895 1089 1957 hunc
1113 1895 1211 1957 alium
1236 1895 1348 1977 ullum,

173 2006 235 2067 iarn
263 2005 409 2067 homiues
435 2004 533 2084 docti,
560 2005 615 2086 qui
639 2003 779 2086 Appulei
804 2001 892 2065 libris
916 2021 1044 2085 operam
1069 2003 1275 2085 impendunt,
1307 2003 1348 2065 ob

174 2111 424 2195 suppellectilem
455 2112 595 2175 criticam
630 2113 662 2173 in
687 2109 914 2193 simpliciorem
937 2109 1071 2172 formam
1096 2109 1255 2173 redactam
1279 2131 1348 2193 gra-

173 2221 249 2282 tiam
275 2219 353 2281 nrihi
377 2238 448 2282 esse
471 2216 635 2280 habituros
660 2236 761 2299 spero.

262 2326 457 2408 Priusquam
476 2343 553 2387 vero
578 2324 705 2406 singula
724 2324 858 2388 Victorii
877 2325 1026 2388 adnotata
1044 2327 1237 2402 exstitimus,
1261 2346 1347 2409 prae·

174 2436 297 2497 nrittarn
312 2435 504 2516 'argumenta
523 2431 587 2494 duo
607 2437 748 2512 externa,
767 2451 849 2515 quae
868 2434 975 2495 statim
996 2434 1216 2514 quaestionem
1239 2452 1348 2516 aggre-

174 2542 274 2604 dienti
284 2542 425 2604 excitent
435 2540 656 2623 suspitionem,
675 2539 843 2603 aVictorio
854 2540 993 2603 codicem
1008 2541 1116 2622 ipsum
1126 2539 1151 2602 F
1161 2545 1346 2623 excerptum

174 2667 252 2711 esse.
286 2648 425 2732 Appulei
444 2648 581 2711 editione
601 2646 765 2710 Vicentina
786 2647 992 2710 continentur
1011 2666 1107 2730 opera
1131 2648 1199 2710 eius
1225 2647 1346 2724 omnia,

173 2774 214 2819 cx
230 2755 280 2818 his
295 2757 421 2838 scriptis
436 2756 593 2818 instruxit
606 2755 796 2818 lectionibus
807 2755 904 2816 variis
914 2753 1196 2838 Metamorphoses
1213 2753 1347 2835 Florida,

173 2863 373 2947 Apologiam,
398 2882 479 2946 quae
499 2862 608 2925 eadem
634 2862 734 2926 codex
754 2862 778 2924 F
800 2861 937 2945 praebet,
961 2868 1065 2925 cetera
1088 2882 1153 2925 non
1178 2862 1346 2924 adnotavit.

173 2972 211 3034 In
232 2971 424 3035 Beroaldina
441 2969 538 3033 Taciti
562 2969 700 3033 editione
722 2971 843 3050 insunt,
867 2988 1079 3053 quaecuuque
1096 2971 1126 3033 ei
1146 2968 1346 3047 tribuuntur,

174 3084 253 3143 teste
285 3077 484 3156 Walther03)
524 3077 671 3156 adposuit
710 3075 866 3140 Victorius
904 3077 978 3139 iude
1014 3076 1052 3139 ub
1096 3077 1258 3140 uudeciuro
1290 3097 1347 3139 uu·

173 3185 297 3250 uelitum
321 3184 407 3266 libro,
431 3206 449 3247 a
473 3204 538 3267 quo
562 3183 654 3246 Laur.
671 3185 744 3264 68,2
769 3185 889 3266 incipit,
912 3185 1104 3264 scripturum
1127 3183 1348 3248 Florentinum

173 3293 212 3357 ob
240 3293 371 3356 editioue
395 3291 545 3356 Berooidi
573 3291 737 3355 diuersum.
785 3295 892 3374 Atque
921 3311 961 3355 ex
990 3292 1133 3356 eiusdem
1164 3293 1346 3356 testimonio

174 3402 315 3484 inspexit
342 3400 394 3462 ille
425 3420 525 3463 arrium
552 3398 641 3462 iilum
666 3381 941 3463 codiceru‘litteris
964 3399 1214 3480 Laupoburdieis
1245 3399 1346 3478 soq-

175 3513 249 3586 tuur,
269 3508 324 3588 qui
343 3506 553 3588 complectitur
571 3505 854 3569 librosAuuuiiuru
870 3507 1062 3586 posteriores
1081 3511 1109 3570 et
1117 3507 1348 3587 Historiarum,

173 3637 271 3696 raeque
298 3636 368 3678 uero
398 3615 530 3678 codicem
556 3612 701 3678 Uorbeiue
728 3617 891 3692 repertum,
921 3615 972 3677 cui
994 3615 1106 3677 iusrrut
1129 3615 1253 3694 priores
1276 3613 1346 3677 Au-

174 3722 297 3787 uuiiuru
320 3721 401 3785 libri.
449 3721 531 3795 Quid
555 3722 654 3804 igitur·
681 3722 813 3804 propius
837 3741 912 3784 vero
937 3727 1039 3805 potest
1061 3722 1163 3785 videri
1192 3741 1288 3804 quam
1314 3723 1346 3783 in

175 3830 321 3913 exemplo
355 3829 536 3892 aVictorio
570 3848 705 3892 excusso
739 3829 865 3892 eosdem
900 3828 996 3892 libros
1027 3830 1140 3911 fuisse,
1172 3829 1226 3912 qui
1260 3848 1348 3890 nunc

175 3938 327 4020 leguntur
359 3938 390 3997 in
423 3937 531 4000 codice
555 3936 579 3999 F
587 3938 601 3999 Ρ
653 3939 697 4000 At
725 3937 853 4019 gaurino
887 3937 995 4019 aliquo
1033 3937 1141 4000 codice
1172 3935 1346 3999 Florentini

175 4044 354 4106 Victorium
381 4045 426 4106 uti
458 4044 600 4127 potuisse
623 4045 759 4127 inquies.
802 4043 922 4117 Audio;
947 4044 1039 4106 aliam
1064 4063 1131 4106 rem
1155 4042 1347 4123 monstrabo,

266 4276 291 4342 1)
312 4274 381 4326 Vide
399 4274 628 4328 Tacitieditionis
648 4275 706 4328 eius
725 4277 834 4343 praelat.
855 4293 879 4344 p.
899 4273 1049 4328 XXXVIII
1068 4291 1127 4346 sqq.
