3044 4756
647 236 865 296 ..57ss

169 413 301 476 crrrandi
337 413 465 475 modum
500 414 596 476 turris
628 413 772 493 Psychae
806 415 1013 477 interdictum
1047 419 1095 477 est
1124 420 1345 498 praeterquam

170 520 256 602 quod
299 539 368 582 earn
412 521 526 602 aperiri
567 521 747 602 inspicique
784 521 890 583 vetat?
954 520 1138 584 Orationem
1174 521 1346 605 laevigabis

169 646 294 690 mecum
314 626 509 703 scribendo:
543 647 582 690 ne
610 625 686 690 aclis
714 627 838 706 aperire
865 626 912 691 ccl
938 628 1092 707 inspicere
1120 626 1223 705 iliram,
1252 650 1347 709 parum
1416 614 1418 616 ,

170 735 258 814 terea,
278 733 429 814 puniam
452 735 515 798 vel
537 735 672 797 immo
695 734 822 798 (ticinae
838 735 1066 816 sermoneitatis
1085 734 1225 798 abditum
1243 737 1346 799 curio-

169 841 237 904 sius
264 840 476 904 thensaurum.
525 841 704 923 Appuleius
729 842 805 904 dum
834 843 1009 905 orationem
1035 862 1138 922 suam,
1161 847 1197 905 ut
1221 843 1347 924 assolet,

171 948 275 1010 statim
314 948 382 1029 ipse
419 947 526 1010 verbis
564 950 665 1031 magis
701 950 838 1031 propriis
872 947 1052 1012 subiunctis
1087 950 1177 1031 quasi
1211 951 1348 1033 corrigit,

171 1053 267 1116 sinml
296 1055 407 1116 turrim
437 1056 538 1119 invito
563 1057 777 1120 stimulantem
803 1056 879 1118 facit
903 1055 1048 1136 Psychae
1071 1075 1186 1118 arcana
1208 1050 1346 1139 pyxidis

171 1163 366 1244 appetiturae
400 1165 616 1227 curiositatem
645 1170 741 1245 atque
772 1163 992 1245 cupiditatem:
1026 1162 1102 1225 dccli
1129 1163 1348 1226 udlrcndrlcm

170 1272 271 1332 rnrrsst
298 1269 342 1331 du
366 1290 450 1350 panc
477 1269 640 1335 besonclcrs
666 1271 725 1333 das
749 1268 940 1346 bcabaclatcn,
973 1269 1060 1332 niclt
1081 1289 1122 1333 an
1145 1269 1260 1349 dffncn.
1275 1270 1348 1333 oder

170 1375 354 1440 cinrnsclren
383 1376 433 1439 alie
460 1376 584 1441 Iliense
611 1378 684 1441 oder
711 1375 856 1440 ciclmclrr
884 1375 943 1439 den
971 1376 1140 1457 sorpfiiltip‘
1161 1376 1348 1458 pelorpcncn

170 1479 283 1548 Sabata
320 1483 375 1546 aler
412 1482 576 1562 pb'ttliclcen
612 1481 784 1550 Scbtnlceit.
836 1483 944 1547 Usum
982 1485 1143 1565 adiectivi,
1182 1484 1267 1566 quod
1297 1490 1349 1547 est

168 1589 325 1666 carriacus,
351 1609 449 1654 sensu
473 1592 583 1654 eodem
607 1592 673 1672 illo,
696 1597 732 1653 ut
756 1610 830 1653 cuni
854 1595 1022 1654 accuratus
1047 1610 1264 1672 synonymum
1283 1591 1348 1655 lere

171 1697 221 1777 sit,
244 1697 425 1779 Appuleius
448 1698 630 1780 frequentat
640 1701 678 1778 1);
703 1700 735 1760 in
757 1698 964 1761 collocatione
983 1697 1123 1761 abditum
1142 1699 1299 1762 curiosius
1318 1704 1348 1762 et

170 1804 204 1866 in
229 1806 441 1888 comparativo
467 1805 545 1868 nihil
569 1810 618 1869 est
641 1805 834 1869 offensionis.
845 1807 869 1884 2)
890 1816 892 1821 ‘

260 1909 334 1974 Met.
362 1913 478 1993 tlara
503 1912 572 1994 (VI,
592 1915 654 1992 28).
701 1912 820 1975 Locum
845 1912 972 1994 aggredi
992 1911 1094 1974 audeo
1115 1910 1348 1994 difficillimum,

172 2018 227 2100 qui
252 2019 350 2082 variis
372 2019 538 2083 hominum
565 2020 730 2083 doctorum
756 2020 947 2082 coniecturis
967 2018 1111 2081 nondum
1132 2018 1347 2082 videturesse

171 2124 373 2189 emendatus:
401 2126 488 2206 Quas
503 2126 559 2190 tibi
572 2128 695 2209 gratias
707 2125 880 2206 perhibebo,
898 2145 975 2205 quos
989 2125 1118 2189 bonores
1129 2124 1249 2202 habebo,
1270 2146 1347 2205 crios

171 2231 252 2296 cibos
275 2232 439 2296 exhibebo?
458 2233 525 2296 ium
543 2235 681 2313 primum
700 2234 808 2297 iubam
825 2234 920 2296 istam
939 2237 1026 2295 tuam
1041 2231 1137 2311 probe
1149 2232 1344 2311 pectinatam

170 2340 246 2403 racis
274 2339 484 2421 viminalibus
516 2341 684 2405 monilibus
712 2340 883 2416 adornabo,
916 2340 1049 2419 frontem
1078 2358 1146 2402 aero
1175 2338 1347 2418 crispatam

166 2447 262 2527 prius
291 2447 439 2511 decoriter
467 2448 707 2526 discriminabo,
742 2448 921 2526 calidaeque
952 2450 1035 2509 setas
1066 2446 1194 2509 ‘incenia
1227 2444 1348 2508 lavacri

171 2557 329 2634 conpestas
354 2558 384 2618 et
409 2554 556 2620 locridas
589 2561 733 2636 compta
763 2554 967 2633 elilipcntia
996 2551 1163 2616 monilibus
1194 2551 1347 2632 bullisque

172 2663 199 2724 le
225 2659 333 2725 miultis
353 2663 468 2726 aureis
495 2663 689 2727 inoculatnm
715 2660 810 2724 relicti
838 2660 935 2724 stellis
962 2661 1092 2724 sidereis
1115 2659 1298 2722 relucentem
1321 2663 1350 2722 ct

170 2768 297 2847 porciliis
318 2768 528 2848 popillarinm
551 2790 742 2850 pomparum
769 2774 909 2832 orantem
938 2768 1013 2831 sinu
1041 2767 1138 2830 scrico
1160 2770 1349 2847 preposterus

171 2873 295 2940 umbros
327 2875 433 2939 edulia
465 2878 592 2941 mitiora
624 2881 652 2940 te
683 2898 784 2940 meum
818 2877 1033 2955 sospitatorem
1063 2873 1173 2940 cotidie
1199 2872 1348 2936 saturabo

167 3001 239 3064 sqq.
285 2981 375 3047 Haec
401 2984 552 3066 periodus
581 2983 836 3047 luculentissime
864 2982 1002 3045 ostendit
1030 2981 1174 3044 studium
1199 2980 1349 3063 Appula,

172 3089 268 3152 verba
291 3091 324 3152 in
349 3090 566 3153 membrorum
590 3091 653 3153 fine
674 3093 775 3173 posita
794 3091 862 3172 pari
882 3108 961 3152 sono
981 3091 1136 3170 exituque
1156 3087 1347 3166 efferendi.³)

173 3195 284 3278 ltaque
304 3198 373 3260 iure
392 3197 642 3260 Hildebrandius
662 3204 693 3259 et
712 3196 877 3260 Koaiolius
896 3199 1107 3274 enuntiatum,
1132 3194 1217 3277 quod
1236 3194 1349 3277 incipit

166 3442 171 3449 ·
262 3409 556 3478 ltMet.2,3;'7o,1o;
580 3408 672 3476 98,18;
698 3409 774 3475 noa
800 3409 970 3475 (detersoque
990 3424 1084 3460 sermm
1104 3405 1347 3474 cur·a'osc),145,8;

174 3500 269 3566 lbalb'
285 3499 398 3566 (clarem
412 3499 521 3552 curiose
533 3499 730 3566 absonditam);
745 3499 777 3553 ct.
791 3498 973 3551 thensaurum
983 3497 1099 3564 penitus
1112 3495 1221 3549 abditae
1234 3495 1348 3560 pmcn

171 3587 234 3641 Met.
253 3587 341 3649 87,10.

262 3678 289 3747 2)
307 3678 339 3732 In
359 3678 531 3732 collocatione
550 3678 692 3731 verborum
712 3677 824 3730 liberius
845 3680 968 3730 versatur
982 3676 1143 3744 Appuleium
1164 3675 1225 3727 vide
1241 3675 1348 3743 Luctjo·

171 3766 288 3821 hannem
312 3767 340 3820 in
359 3769 426 3822 actis
446 3784 499 3822 soc.
519 3766 585 3835 phil.
600 3767 673 3835 Lips
693 3769 757 3820 torn.
775 3766 824 3833 ΠΙ,
844 3783 868 3834 p.
882 3766 934 3820 463
954 3769 1023 3834 nota,
1043 3767 1090 3819 ubi
1109 3764 1199 3818 nescio
1218 3781 1250 3818 an
1270 3765 1297 3816 in
1317 3781 1348 3818 eo

172 3859 315 3923 erraverit,
335 3859 405 3926 quod
426 3856 590 3925 Appuleium
609 3872 756 3924 numquam
776 3855 921 3910 collocasse
940 3856 1007 3909 dicit
1025 3855 1181 3910 adverbium
1206 3856 1266 3906 auto
1285 3855 1348 3908 sub-

172 3944 329 4015 stantivum,
340 3947 412 4015 quod
422 3946 553 4000 adiectivo
563 3947 711 4014 praecedat.
736 3947 799 3998 Tres
809 3945 882 3999 locos
893 3945 952 4015 legi,
964 3961 1043 4013 quarn
1055 3944 1158 4009 statuit,
1168 3947 1349 4013 repugnantes

165 4035 297 4103 ‘mutavit
318 4036 415 4105 quibus
434 4036 502 4090 addo
517 4035 580 4089 Met.
594 4035 687 4102 146,17
703 4052 782 4102 quem
796 4035 900 4088 circam
914 4035 1033 4101 capellae
1047 4027 1189 4100 pascentes
1203 4027 1349 4100 opilionem

172 4140 229 4178 case
239 4125 366 4192 profecto
381 4125 545 4179 clamabant.
576 4128 614 4177 Ae
629 4125 740 4178 fortasse
755 4124 924 4192 pluraetiain
939 4124 1063 4192 exempla
1081 4124 1197 4176 inveniri
1217 4125 1347 4191 poterunt.

262 4215 290 4284 3)
313 4215 396 4282 Vide,
423 4231 491 4283 quae
519 4215 629 4268 uberius
649 4215 681 4267 de
709 4214 759 4267 hoc
787 4213 846 4267 loco
875 4213 986 4267 disserit
1014 4213 1153 4267 Koziolius
1182 4212 1209 4264 in
1238 4212 1265 4264 Z.
1286 4211 1302 4264 l.
1323 4212 1346 4264 d.

171 4309 196 4360 ὂ.
216 4304 248 4359 G.
277 4321 300 4359 a.
327 4303 408 4373 1870,
432 4322 458 4373 p.
481 4305 531 4358 169
556 4309 583 4357 et
602 4304 627 4356 in
656 4303 725 4357 libro
753 4303 800 4356 der
826 4303 880 4356 Stil
908 4303 954 4356 des
982 4303 1016 4357 L.
1025 4303 1171 4370 Apuleius,
1191 4320 1215 4369 p.
1235 4301 1270 4354 42
1289 4317 1346 4369 sqq.
