3044 4756
666 223 891 282 „apd

183 400 400 466 amalameliam
431 400 574 463 ‹tica-eas
605 420 672 482 sqq.
702 399 879 482 editorique
912 399 1087 462 novissimo
1120 401 1162 461 ita
1195 401 1360 483 persuasit,

185 520 220 572 nt
246 507 338 570 verba
369 508 415 570 sie
447 512 585 570 correcta
615 507 753 589 recipere
785 526 850 568 nou
882 505 1048 569 dubitaret.
1102 505 1260 588 Equidem
1294 527 1359 568 non

183 615 359 696 adsentior,
391 634 465 677 nam
498 615 673 677 mutatione
707 614 782 676 satis
816 612 955 676 violenta
987 612 1195 676 casaubonus
1227 614 1360 677 minime

183 722 286 785 effecit
313 723 502 785 sententiam
535 719 737 804 probabilem.
785 718 960 801 Postquam
988 720 1074 782 enim
1100 720 1279 803 Appuleius
1307 721 1360 784 de·

184 829 388 910 monstravit,
431 847 715 911 unumquemque,
739 846 812 909 -quo
846 825 1051 910 paucioribus
1083 826 1179 890 rebus
1211 827 1359 910 indigeat,

183 955 220 998 ec
249 935 379 1018 propius
408 935 446 998 ad
479 935 608 998 deorum
639 934 883 997 similitudinem
916 933 1077 1010 accedere,
1111 953 1177 997 nou
1205 935 1268 997 iam
1299 935 1360 998 alia

183 1048 306 1126 praeter
352 1043 433 1105 hanc
475 1043 630 1106 sententia
674 1047 758 1104 recte
806 1039 958 1123 subsequi
1001 1046 1123 1124 potest,
1167 1048 1257 1124 grata
1299 1041 1360 1104 sibi

184 1159 375 1233 acceptaque
408 1148 462 1212 illa
494 1149 611 1226 fuisse,
645 1167 727 1231 quae
762 1153 963 1212 accusatores
992 1147 1030 1211 de
1064 1149 1166 1231 ipsius
1196 1150 1360 1213 continen-

183 1257 227 1319 tia
255 1256 292 1319 ed
323 1257 547 1320 contumeliam
573 1256 745 1333 dixissent,
776 1254 955 1318 Casauboni
980 1273 1054 1318 vero
1084 1256 1260 1320 mutatione
1289 1275 1360 1319 sen-

184 1365 281 1426 tentia
316 1364 359 1426 ita
391 1368 573 1446 torquetur,
612 1369 648 1425 ut
680 1361 875 1446 Appuleius,
907 1361 993 1445 quod
1027 1363 1158 1424 omuino
1191 1362 1265 1425 talia
1300 1363 1360 1426 sibi

184 1470 372 1551 abiecerint,
401 1476 527 1552 gratum
553 1469 613 1533 sibi
637 1469 737 1533 fuisse
761 1469 851 1532 dicat.
898 1468 1035 1552 Propius
1059 1467 1097 1531 ad
1121 1470 1286 1533 veritatem
1311 1491 1361 1533 ac·

185 1596 307 1641 cessere
331 1577 435 1640 Crusii
460 1582 491 1639 et
514 1575 646 1640 Beckeri
659 1580 680 1656 ¹)
705 1577 914 1640 coniecturae.
957 1575 998 1638 Et
1021 1575 1074 1638 ille
1099 1576 1228 1659 quidem
1252 1577 1359 1640 locum

184 1686 228 1747 ita
268 1684 361 1748 scribi
400 1683 515 1746 voluit:
550 1683 688 1764 proinde
724 1687 851 1764 protam
887 1682 1026 1746 herbitum
1063 1703 1107 1745 aa
1143 1683 1361 1748 cmtrrmeliam

184 1791 300 1868 illectis,
323 1811 389 1854 rem
410 1789 602 1871 familiarem
628 1811 694 1874 sqq.
743 1791 777 1853 ln
802 1790 860 1853 hac
884 1808 958 1853 vero
982 1790 1137 1873 scriptura
1161 1810 1224 1853 non
1245 1791 1362 1854 desunt
1396 1789 1398 1792 ⁴

185 1898 376 1962 offensiones
404 1898 619 1981 gravissimae.
667 1897 830 1960 Haereo
821 1897 979 1980 rmprimis
1008 1897 1040 1958 in
1070 1917 1120 1978 ec,
1152 1897 1237 1980 quod
1265 1886 1361 1962 rerba

182 2009 265 2086 qrrrtr
255 2026 354 2068 arim
329 2005 536 2080 labiiimet
564 2003 793 2080 contemeliam,
823 2023 905 2086 quae
932 2004 1016 2067 inter
1044 2023 1078 2067 se
1112 2006 1229 2088 opponi
1258 2005 1362 2070 voluit

186 2113 328 2192 Crusius,
349 2111 437 2174 nullo
459 2111 551 2174 mado
571 2112 631 2174 sibi
652 2117 863 2195 opponuntur.
901 2110 1058 2174 Namtaut
1078 2115 1152 2192 prat
1151 2132 1204 2174 rem
1222 2110 1362 2175 habitam

184 2223 260 2282 <aar
260 2239 369 2298 arpem
392 2218 534 2282 eliceretis
558 2224 612 2281 aut
600 2218 679 2293 tad
701 2217 824 2282 larrdem
847 2239 891 2281 aa
914 2218 958 2281 ad
979 2216 1195 2282 contumeliam
1218 2217 1361 2282 dr'ceretis

184 2325 385 2390 scribendum
416 2325 485 2388 fnit.
542 2324 655 2408 Neque
689 2345 763 2389 vero
798 2326 878 2389 illud
906 2327 1049 2388 veritatis
1078 2314 1231 2388 numeros
1261 2327 1294 2388 in
1326 2345 1359 2388 sc

185 2433 326 2512 haberet,
359 2431 516 2515 siquidem
549 2434 751 2495 arcousativus
784 2432 956 2496 insolenter
984 2433 1085 2495 vicem
1119 2434 1358 2516 praepositionis

179 2560 241 2620 pm
273 2541 453 2603 sustineret.
509 2539 673 2603 Praeterea
705 2541 761 2602 vix
797 2539 984 2603 crediderim
1017 2539 1207 2603 vocabulum
1237 2539 1359 2604 liabitas

183 2647 349 2709 concinere
378 2666 451 2710 cum
480 2648 538 2726 eis,
578 2666 659 2730 quae
688 2652 854 2710 secuntur:
886 2667 951 2709 rem
978 2645 1170 2726 subtiliorem
1192 2667 1307 2725 peram
1334 2651 1362 2710 el

183 2751 328 2815 baculam
345 2753 451 2833 titisse.
480 2752 628 2837 Denique
647 2773 835 2837 persuasum
856 2753 954 2817 habeo
970 2753 1064 2817 verba
1083 2753 1126 2816 ad
1143 2752 1361 2817 earii'ameliam

183 2859 284 2923 (licere
313 2866 383 2943 apte
412 2861 552 2944 copulari
582 2879 640 2923 nec
668 2862 805 2943 speciem
835 2861 1067 2943 depravationis
1100 2879 1174 2943 prae
1207 2880 1241 2923 se
1269 2860 1359 2924 ferre.

184 2966 291 3049 Longe
323 2967 412 3030 aliter
439 2986 544 3050 neque
574 2975 680 3030 tamen
713 2968 821 3030 minus
852 2986 998 3050 perverse
1027 2967 1189 3031 Beckerus
1220 2969 1359 3051 scripsit:

177 3073 313 3153 proimle
334 3075 496 3155 prolatae)
522 3072 679 3138 habaina!
707 3074 751 3137 ari
773 3073 990 3138 contemeliam
1014 3075 1115 3138 dicere
1137 3075 1272 3155 arelatis,
1295 3095 1361 3138 rem

182 3179 375 3260 sarrriiiarem
399 3202 467 3264 sqq.
519 3180 609 3256 Quod
639 3183 724 3245 enim
754 3181 932 3264 temporalis
960 3183 1066 3244 visin
1089 3181 1233 3261 proinde,
1262 3188 1298 3245 ut
1326 3183 1360 3244 in

183 3286 272 3367 imle,
307 3289 410 3352 inesse
446 3289 492 3351 illi
521 3289 589 3352 visa
617 3294 677 3368 est,
711 3288 889 3371 Appuleius
925 3294 1081 3371 quantum
1105 3289 1198 3351 video
1225 3288 1361 3369 preinde

183 3394 227 3456 ita
254 3402 401 3477 usurpat,
426 3403 462 3458 ut
486 3396 534 3458 vel
563 3396 658 3475 idem,
682 3394 768 3479 quad
793 3396 934 3476 per-lade,
962 3395 1013 3459 vel
1039 3399 1216 3476 propterea,
1248 3395 1359 3476 iacob,

186 3520 346 3585 nusquam
376 3508 412 3565 ut
434 3503 522 3566 aliud
547 3503 711 3586 significet.
760 3504 806 3565 Ac
831 3522 870 3565 ne
894 3503 924 3565 id
950 3503 1094 3586 quidem,
1124 3503 1208 3584 quod
1238 3502 1360 3584 aliquot

183 3606 295 3672 litteris
315 3609 480 3690 distractis,
501 3611 570 3673 aliis
590 3611 717 3673 insertis
736 3611 846 3690 effecit,
870 3610 971 3674 dicere
989 3609 1111 3673 audetis
1133 3629 1189 3692 pro
1209 3609 1358 3685 diceretis,

185 3716 308 3798 probari
341 3722 454 3799 potest,
488 3718 639 3800 quoniam
669 3717 807 3781 (einiardi
836 3716 968 3780 verbum
999 3718 1030 3779 in
1055 3717 1141 3778 banc
1169 3717 1358 3780 sententiam

185 3841 249 3885 non
274 3824 416 3906 quadrat.

185 3967 372 3985 *4-
376 3979 395 3984 -.-

275 4073 301 4140 1)
321 4073 482 4138 Zeitselrrr'l't
499 4073 549 4138 tiit·
568 4073 619 4125 dus
641 4069 899 4141 Gprrabasiolroeaea
918 4075 981 4126 tom.
1001 4071 1079 4138 XIX,
1099 4089 1124 4139 p.
1144 4073 1205 4124 477.

274 4170 300 4237 ¹2)
323 4171 443 4224 Graima
461 4174 522 4225 ante
542 4171 691 4225 Beckerum
712 4171 850 4240 proposuit
868 4170 1014 4224 Acidaliae.

274 4269 300 4335 3)
320 4269 453 4335 Quattuor·
466 4269 533 4324 loeis
548 4269 647 4337 legitur
656 4270 776 4337 proinde
790 4275 830 4336 at,
844 4271 956 4324 totidem
971 4270 1038 4324 locis
1053 4270 1124 4323 idem
1138 4272 1188 4336 cst,
1203 4270 1274 4339 quod
1288 4269 1357 4323 ideo.
