3044 4756
652 251 847 312 „9-

161 452 243 516 quae
261 440 344 494 'no's
362 430 501 493 codicem
527 429 747 491 victorianum
772 429 827 510 qui
857 428 973 492 dicitur
1001 435 1189 512 quaerentes
1217 430 1334 492 iterum

161 541 199 603 ad
223 539 364 603 codicem
386 536 410 599 F
428 541 529 600 vocet.
566 534 731 600 Habemus
750 538 832 600 iuter
850 536 1001 600 librorum
1025 537 1335 620 manuscriptorum

160 646 299 731 Appulei
319 645 444 728 copiam
464 643 546 707 duos
566 643 660 725 solos,
684 644 740 727 qui
760 650 790 707 et
801 643 980 708 Florentiae
999 645 1030 706 iu
1044 638 1205 708 Marciana
1223 642 1333 706 biblio·

161 753 251 817 theca
269 749 520 816 adservabantur
538 755 568 814 et
586 749 958 834 litterisLangobardicis
978 752 1087 836 scripti
1105 757 1189 815 sunt.
1223 751 1336 835 Itaque

163 860 265 925 codex
282 858 488 924 Victorianus
516 877 579 920 non
612 857 715 922 solum
750 858 859 921 eadem
891 859 1005 942 scripta
1035 858 1193 942 praebuit,
1223 877 1335 922 verum

164 968 258 1030 etiam
283 966 392 1030 eodem
418 966 592 1048 scripturae
615 984 732 1049 genere
761 971 910 1030 exaratus
942 967 977 1029 in
1006 967 1116 1031 eadem
1145 965 1336 1029 bibliotheca

164 1074 306 1138 extitisse
318 1073 482 1158 putandus
496 1078 551 1136 est.
584 1071 695 1136 Restat
707 1073 744 1136 ad
762 1075 982 1156 quaestionem
1002 1075 1096 1159 plane
1112 1073 1335 1137 absolvendam

164 1181 225 1244 hoc
248 1201 366 1263 unum,
394 1184 431 1245 ut
459 1180 678 1261 ostendamus,
711 1182 806 1244 etiam
834 1182 867 1244 in
893 1181 997 1246 verbis
1026 1178 1162 1264 singulis
1195 1200 1269 1244 eum
1293 1181 1337 1243 ita

162 1289 343 1372 conspirare
373 1308 447 1352 cum
472 1288 580 1351 codiee
603 1286 636 1365 F,
660 1293 705 1369 ut,
729 1289 807 1372 quin
827 1288 991 1353 Victorius
1014 1289 1166 1352 lectiones
1190 1307 1207 1352 e
1231 1287 1337 1351 codice

162 1395 187 1459 F
211 1396 419 1480 excerpserit,
451 1396 573 1458 nemini
602 1394 740 1478 amplius
763 1395 898 1459 dubium
922 1415 993 1460 esse
1016 1397 1123 1480 possit.

252 1502 409 1578 Quoniam
441 1522 516 1567 vero
549 1503 666 1566 erroris
700 1508 795 1586 atque
827 1505 971 1567 incuriae
1003 1505 1182 1568 incusaturi
1213 1522 1338 1584 sumna,

163 1612 282 1695 quibus
293 1610 379 1676 fides
399 1610 483 1694 apud
504 1610 613 1674 doctos
637 1609 783 1674 homines
802 1616 934 1693 constat,
958 1631 1064 1694 neque
1083 1613 1145 1694 ipsi
1164 1612 1192 1675 ei
1213 1631 1338 1691 sumus,

164 1718 281 1802 quibus
306 1738 421 1782 nornen
447 1723 479 1782 et
502 1718 672 1782 auctoritas
695 1718 790 1782 fidem
811 1718 915 1800 addat,
937 1720 971 1780 in
994 1718 1156 1802 probanda
1181 1719 1339 1782 sententia

163 1832 272 1890 nostra
296 1831 326 1889 et
350 1831 511 1909 apparatu,
536 1845 601 1908 quo
626 1825 680 1888 illa
704 1827 832 1907 nititur,
855 1826 1030 1889 lectionum
1056 1825 1215 1889 afferendo
1239 1824 1338 1886 nimia

163 1933 339 1997 maluimus
368 1952 466 2016 quam
490 1952 603 1997 manca
626 1952 703 1996 cura
732 1932 866 1997 lectores
890 1933 1056 1997 offendere.

252 2040 355 2104 Video
379 2044 487 2104 autem
505 2040 705 2104 factumesse
725 2041 830 2104 causis
850 2039 962 2118 tribue,
986 2045 1023 2104 ut
1041 2041 1193 2104 lectiones
1204 2039 1337 2102 Victorii

164 2154 195 2211 et
213 2147 238 2211 l*
256 2168 321 2211 nou
342 2154 532 2230 congruant:
553 2149 693 2230 primum
712 2149 857 2212 homines
878 2148 960 2212 docti
979 2147 1096 2211 librum
1116 2147 1337 2211 Florentinum

163 2274 276 2338 parum
301 2260 448 2319 accurate
467 2261 691 2335 excusserunt,
715 2261 784 2319 tum
809 2255 994 2339 Kruegerus
1015 2296 1055 2302 -
1077 2258 1108 2319 in
1128 2256 1286 2340 Apologia
1309 2264 1340 2318 et

163 2362 298 2426 llloridis
311 2400 351 2408 —
365 2381 458 2446 saepe
472 2362 606 2427 Victorii
626 2363 778 2427 lectiones
797 2383 861 2427 non
880 2369 965 2428 recte
981 2364 1096 2445 attulit,
1116 2364 1254 2446 denique
1264 2362 1339 2425 Vic-

163 2471 265 2534 torius
281 2470 444 2534 nonnullis
460 2470 538 2535 locis
552 2472 660 2535 minus
675 2472 824 2555 religiose
832 2471 928 2536 verba
943 2472 1081 2555 exempli
1097 2473 1148 2535 sui
1163 2471 1338 2554 descripsit.

253 2577 289 2640 In
311 2573 619 2662 Metamorphosibus
643 2585 749 2643 autem
773 2598 813 2642 ex
833 2581 954 2662 ingenti
974 2599 1108 2642 numero
1128 2578 1262 2641 Victorii
1286 2578 1339 2640 ad-

162 2687 361 2749 notationum
381 2704 492 2749 omnes
509 2704 562 2749 eas
578 2705 826 2750 commemorare
840 2687 1140 2770 praetermittemus,
1160 2704 1242 2768 quae
1256 2685 1339 2766 Eys-

163 2792 323 2857 senhardii
355 2793 526 2856 editionem
560 2795 708 2876 sequenti
741 2813 813 2856 cum
845 2794 1022 2878 discrepare
1051 2793 1232 2874 videantur,
1266 2811 1338 2856 vere

163 2901 339 2964 concinant.
386 2900 468 2964 Nam
493 2901 573 2963 nihil
598 2901 675 2965 haec
698 2904 894 2965 enumeratio
916 2902 954 2964 ad
974 2902 1173 2985 propositum
1193 2906 1337 2962 nostrum

161 3009 250 3090 facit,
282 3009 433 3092 quoniam
457 3008 590 3071 Victorii
623 3009 661 3071 ad
691 3008 990 3092 Metamorphoseon
1023 3007 1119 3072 libros
1153 3012 1245 3071 notae
1274 3027 1337 3070 mm

161 3115 328 3198 evulgatae
359 3122 443 3179 sunt.
490 3115 531 3204 Et
559 3136 634 3179 cum
668 3115 766 3179 altera
794 3136 926 3199 quoquo
957 3136 1053 3179 causa
1082 3153 1121 3160 -
1147 3116 1181 3177 in
1205 3104 1362 3178 Victorii¹

161 3221 353 3286 lectionibus
381 3224 580 3287 excutiendis
603 3229 731 3307 peccata
755 3224 889 3286 dico—
915 3244 979 3287 ncu
1003 3223 1041 3286 ad
1066 3221 1338 3306 Metamorphoses

160 3331 332 3413 pertineat,
356 3349 409 3393 eos
433 3331 520 3394 locos
543 3331 742 3414 proferemus
767 3331 863 3412 solos,
887 3331 1004 3414 quibus
1023 3331 1158 3394 Victorii
1183 3332 1339 3413 scriptura

161 3437 256 3501 distat
283 3458 302 3501 a
330 3437 465 3501 lectione
493 3438 612 3502 codicis
639 3438 664 3501 F
676 3441 706 3518 ¹).
758 3439 970 3503 instituemus
997 3445 1103 3502 autem
1127 3458 1194 3502 rem
1218 3438 1274 3520 ita,
1302 3441 1341 3502 ut

159 3584 372 3600 ——n—t-—-

242 3687 267 3753 ll
286 3687 349 3742 Non
369 3703 548 3742 commemoro
563 3685 812 3756 Metamorphoseon
828 3687 976 3757 permultos
990 3687 1072 3756 locos,
1092 3688 1190 3757 quibus
1200 3687 1338 3742 Victorius

160 3777 256 3831 salsam
273 3777 430 3831 Vicentinae
448 3776 592 3831 lectionem
611 3795 645 3831 ex
664 3777 756 3847 aliqua
774 3781 849 3847 parte
868 3780 981 3846 tantum,
1001 3794 1053 3853 non
1073 3780 1167 3847 totam,
1188 3779 1337 3832 secundum

159 3867 346 3922 auctoritatem
376 3867 476 3921 codicis
504 3866 526 3919 F
549 3867 674 3922 correxit.
720 3868 790 3922 Nam
819 3868 847 3920 in
876 3867 1002 3921 omnihus
1031 3868 1163 3921 eiusmodi
1197 3868 1337 3937 scripturis

159 3958 343 4011 tautummodo
363 3959 496 4010 correctae
515 3956 619 4011 litterae
639 3958 831 4026 comparandae
851 3960 925 4024 sunt,
951 3958 1022 4025 quod
1042 3957 1148 4026 quidem
1167 3958 1336 4028 Kruegerum

159 4047 288 4116 effugisse
320 4046 390 4100 inira
423 4045 586 4101 docebimus
638 4046 722 4101 Omisi
755 4053 892 4116 praeterea
924 4047 1063 4115 adnotare,
1098 4050 1162 4116 quot
1189 4047 1256 4101 locis
1284 4047 1337 4102 lec-

158 4136 247 4190 tiones
266 4153 282 4189 a
302 4136 422 4191 Victorio
441 4152 488 4204 per
507 4136 696 4205 compendium
715 4153 858 4206 expressae
878 4137 906 4190 in
925 4137 1017 4190 codice
1036 4136 1058 4189 Β
1076 4137 1153 4205 plene
1172 4138 1336 4206 perscriptae

158 4225 215 4279 sint
233 4228 260 4278 et
279 4241 357 4280 versa
373 4226 447 4293 vice3
467 4242 528 4280 nam
547 4227 598 4281 has
616 4226 748 4280 minutias
762 4226 899 4281 Victorius
918 4227 997 4279 nihili
1015 4227 1176 4282 aestimarit.
1214 4227 1337 4296 Denique

156 4314 232 4371 nolui
251 4315 345 4370 afferre
364 4316 444 4387 leuce,
464 4317 512 4371 ubi
531 4316 669 4373 Victorius
689 4333 718 4371 se
736 4317 793 4389 ipse
813 4318 939 4372 correxit.
